3109 4934
393 475 417 550 6
645 471 909 545 ALEXANDRI
931 469 1076 544 ORTVS

396 626 553 736 absque
581 619 768 738 periculo
799 617 1025 704 Alexandri
1053 620 1251 706 consulat.
1281 619 1332 706 ld

393 741 563 857 quidem
592 741 712 826 illum
755 769 841 824 non
880 741 979 826 satis
1021 737 1193 856 fugerat.
1222 745 1333 828 Nam

393 883 436 948 et
453 891 578 948 cansa
594 859 678 944 odii
695 863 997 958 commonebat,
1006 862 1120 972 quod
1133 861 1243 946 bello
1256 863 1333 946 Ni·

392 983 502 1068 colai
523 1001 686 1097 patrem
705 980 922 1095 Philippus
949 978 1229 1096 oppressisset
1249 981 1335 1096 Igi-

391 1109 459 1186 tnr
479 1125 571 1186 astu
608 1131 653 1186 se
683 1101 861 1186 dedebat
890 1099 1122 1186 Alexander
1148 1130 1174 1186 a
1203 1101 1333 1186 Nico·

391 1223 459 1306 lno
495 1219 721 1336 praeteriri.
765 1220 931 1335 Quippe
960 1218 1043 1304 iarn
1073 1220 1227 1320 ceteri,
1257 1221 1332 1334 qui

362 1392 370 1416 ·
392 1371 516 1426 cursu
546 1360 880 1456 praevenerant,
909 1341 981 1426 alii
1011 1337 1091 1424 aiio
1112 1369 1211 1426 casn
1228 1371 1333 1454 pro-

391 1461 497 1574 lapsi
527 1459 705 1577 primam
744 1490 863 1575 spem
904 1459 1130 1575 potiundae
1169 1461 1331 1574 palmae

391 1579 566 1669 Nicolao
611 1580 775 1665 dabant
818 1579 903 1684 Qui
941 1608 1038 1664 cum
1081 1576 1208 1666 finem
1239 1609 1331 1664 cer·

393 1701 562 1786 taminis
589 1702 673 1786 iam
702 1721 936 1814 sperasset,
967 1696 1092 1786 infert
1120 1729 1212 1786 sese
1232 1701 1328 1784 Ale·

394 1824 553 1910 rander
592 1839 690 1904 voto
723 1819 1066 1936 praeterlabendi.
1110 1822 1173 1904 td
1216 1822 1329 1906 hunc

390 1963 585 2026 nonatum
614 1938 731 2053 eqnis
760 1939 925 2025 Nicoiai
968 1940 1330 2040 convertentibus,

392 2060 574 2146 titubans
619 2063 760 2146 dexter
797 2089 927 2174 equus
958 2083 994 2137 tn
1024 2059 1323 2174 cernuantique

392 2179 644 2296 persimilis,
675 2179 906 2294 implicatos
952 2181 1138 2291 reliquos
1182 2209 1325 2264 secum

393 2324 589 2386 moratur.
635 2301 757 2386 Enim
802 2320 901 2385 tnnc
951 2301 1184 2386 Alexander
1213 2301 1326 2386 subi-

393 2421 531 2520 ciens,
571 2439 830 2533 praeteracto
883 2421 1159 2536 prolapsoqne
1196 2420 1327 2504 Nico·
1371 2421 1377 2432 ’

391 2541 459 2624 iao
477 2561 762 2655 supervectus,
790 2567 882 2624 rem
906 2538 1005 2624 belli
1024 2557 1063 2619 (ι)
1082 2544 1161 2626 sub
1192 2541 1327 2625 stadio

391 2659 600 2776 transegit
630 2658 735 2742 Exin
753 2677 788 2738 (υ
806 2660 941 2747 victor
969 2690 1126 2745 corona
1152 2660 1323 2745 redimi·

390 2801 456 2868 tus
503 2809 674 2865 escenso
710 2781 865 2897 templo
896 2811 991 2864 cum
1019 2781 1161 2867 Iovem
1191 2781 1323 2896 olym-

388 2904 506 3017 pium
535 2901 753 3000 salutaret,
784 2897 1064 2986 aestimatione
1094 2898 1157 2984 rei
1185 2922 1324 3014 gestae

387 3044 460 3107 aut
488 3023 685 3106 instinctu
701 3023 829 3133 Dei,
880 3022 1135 3105 sacerdotem
1186 3019 1325 3104 ferunt

387 3141 447 3228 sic
477 3139 685 3247 fortunam
727 3137 926 3226 victoriae
975 3139 1320 3253 interpretatum,

421 3424 456 3474 (a)
482 3421 544 3468 Cad-
568 3421 672 3468 δαισιν
689 3420 1321 3484 mfis'mmtquon.1.amondniop·

386 3487 479 3536 endis·
498 3489 586 3550 genui.
597 3489 635 3552 (d)
646 3493 717 3538 luta
726 3492 773 3536 hoe
783 3505 860 3550 opero
867 3505 939 3548 stop·
947 3492 1040 3549 αἱμα
1055 3492 1082 3538 in
1099 3488 1226 3540 lsi-uuio
1243 3493 1310 3538 exin.

425 3689 469 3758 (t)
490 3686 594 3744 Bellum
614 3687 692 3758 apud
711 3687 745 3742 ·1·
763 3684 915 3744 Valerium
934 3677 1056 3748 necnon
1069 3691 1148 3764 apud
1166 3691 1323 3747 duetorem

384 3761 534 3822 Inseruit
554 3763 664 3820 dieitur
684 3763 809 3837 quodvis
828 3777 984 3824 nnuman.
