3109 4934
553 525 631 602 SEV
654 525 782 606 LIBER
806 523 870 599 111.
1107 529 1176 598 215

243 709 271 764 ιι
303 679 416 770 hand
452 679 648 791 cuiquam
674 676 859 771 secundo
883 707 941 762 ex
955 677 1176 814 'magnitu-

242 829 272 880 ιι
303 797 697 913 d1ne‚reden1mper
706 799 829 914 plana
843 819 886 883 et
897 825 1071 912 opipara
1081 799 1189 888 loca..

93 937 227 980 Am·
202 946 274 999 ··ιι
303 947 452 1034 magno
497 921 658 1034 agmine
701 916 955 1034 pervaganti.
998 919 1173 1032 Propter

41 1004 227 1117 ,iinaiifm'
242 1070 271 1121 »
302 1041 413 1124 hunc
431 1040 735 1126 Thermodonta
764 1067 893 1156 genua
917 1040 1174 1124 Amazonum

242 1191 273 1241 ιι
303 1159 429 1261 colit,
459 1159 655 1246 mulieres
675 1159 957 1276 magnitudine
983 1157 1169 1274 corporis
1253 1228 1258 1236 .

241 1309 270 1360 ιι
301 1283 459 1395 pariter
489 1309 537 1366 ac
555 1280 861 1396 pulchritudine
878 1299 1015 1364 cetera
1039 1279 1177 1368 homi
1332 1296 1342 1308 ·

241 1429 270 1480 ιι
302 1429 401 1488 num
412 1429 566 1537 genera
578 1419 866 1514 supervectae,
886 1397 1056 1484 amictae
1071 1428 1175 1485 vero
1271 1436 1293 1446 ··

241 1549 272 1601 ιι
302 1518 585 1660 utinpicturir
601 1540 807 1606 astruere
826 1517 1112 1619 unimammas,
1131 1540 1173 1604 et

242 1640 435 1724 »omnia
463 1639 579 1726 hisee
608 1637 737 1726 ferme
763 1638 936 1726 amictae
956 1660 1017 1724 est
1059 1656 1174 1724 arma
1236 1723 1244 1737 ,

242 1789 271 1839 ιι
303 1764 371 1848 vel
399 1757 612 1845 ferrum-r
641 1759 772 1874 Igitur
788 1789 885 1846 cum
904 1757 1177 1874 haudprocnl
1227 1789 1231 1796 ·

243 1909 270 1960 ιι
303 1881 369 1968 hia
398 1909 631 1996 ageremus,
659 1881 843 1994 ipsarum
860 1881 1030 1994 quidem
1050 1878 1175 1993 potiri

178 2023 179 2026 ‘
244 2029 273 2078 ιι
302 2003 414 2086 hand
433 1999 550 2088 facile
569 2020 676 2099 erat,
704 2020 927 2114 utrumqne
947 2021 1131 2084 nostrum
1151 2027 1177 2084 a

244 2149 279 2200 ιι.
303 2150 528 2236 congressu
563 2119 843 2237 magnitudine
875 2120 1051 2206 fluminis
1090 2117 1176 2202 dis·

230 2245 272 2322 ἰι
302 2243 513 2354 perdente.
555 2243 635 2326 Sed
677 2261 840 2354 praeter
867 2241 977 2326 illius
1007 2268 1175 2355 agmen,

242 2390 271 2440 ιι
304 2362 458 2446 bestiae
504 2389 670 2474 quoque
718 2361 940 2447 nonnullae
981 2359 1180 2478 asperita-

245 2508 273 2559 ιι
304 2502 450 2594 teaque
484 2480 766 2594 inpedimento
808 2504 935 2568 erant
976 2487 1032 2568 At
1068 2481 1180 2566 enim

242 2631 275 2681 ιι
304 2621 504 2714 conperto
543 2600 639 2706 illae
669 2603 782 2716 qnod
812 2627 975 2690 ceterae
1012 2629 1178 2718 quoque

115 2757 120 2766 ·
244 2751 272 2800 ιι
303 2723 535 2808 Amazones
558 2721 611 2806 de
627 2741 769 2818 norma
790 2723 970 2810 amicitia
988 2736 1181 2839 coeptas-

244 2871 277 2922 ιι
304 2862 398 2926 eant
421 2853 482 2942 ιιι,1
512 2841 628 2956 iprae
657 2843 782 2926 etiam
804 2841 984 2959 periculi
1012 2872 1183 2930 cautam

246 2991 274 3042 ιι
305 2962 423 3046 danis
446 2962 609 3046 anobis
624 2963 887 3078 et'nbeequiia
903 2966 1183 3050 redemerunt·

304 3081 530 3166 LXXXIIL
547 3083 782 3196 »itemque
809 3083 993 3170 indidem
1022 3087 1078 3173 ad
1105 3113 1178 3171 ru·
1271 3149 1278 3158 .

246 3229 273 3284 ιι
305 3203 555 3286 brummare
570 3199 778 3304 venimus,
798 3231 974 3316 qnorum
990 3205 1181 3292 iocorum

244 3353 273 3403 ιι
306 3323 456 3405 dextra
493 3319 661 3434 quidem
705 3325 938 3438 perrepere
971 3325 1212 3439 inviisqne·

244 3469 273 3520 ιι
302 3441 513 3524 montibus
542 3463 657 3526 recta
687 3463 771 3544 eet,
798 3441 917 3530 laeva
945 3473 1045 3532 vero
1073 3445 1181 3531 mari

243 3591 272 3641 ιι
302 3563 432 3644 rubro
452 3560 573 3646 latine
602 3559 703 3647 fusa.
733 3507 823 3648 Iilic
844 3585 981 3650 antem
997 3600 1035 3668 n,
1058 3561 1189 3650 faciia

1018 3699 1181 3720 -ιύ--ι-ι

283 3748 318 3802 (ιι
334 3746 371 3792 ra
389 3762 415 3794 κ
431 3747 503 3794 nan
519 3747 586 3794 ιωιι
603 3746 631 3796 ιι
647 3747 740 3796 nau.
757 3725 795 3804 ‹i›
809 3725 870 3796 cia.
885 3758 971 3797 m.

290 3895 333 3968 (a)
354 3893 460 3951 confer
480 3893 566 3950 hniur
584 3895 767 3970 librifiapat
784 3879 884 3952 aian.
