3109 4934
608 434 861 520 Atsxtnnnl
1058 497 1064 517 .
1146 447 1193 519 63

201 669 205 676 .
270 593 384 679 abies
414 612 456 675 et
484 591 703 681 munditias
728 594 978 708 paupertatis
1004 605 1133 708 utque
1151 615 1190 678 (ι)

267 716 321 798 sit
350 741 493 802 eorum
510 710 664 798 invidia
687 714 921 828 potioribus
946 717 998 800 de
1016 717 1109 827 plus
1127 717 1191 800 ni·

259 832 327 920 ¹hil
345 833 548 920 habendo.
581 831 703 920 Enim
717 863 837 919 arcus
862 834 980 920 Abiis
1014 851 1051 918 (ὃ)
1069 855 1112 918 et
1128 863 1193 918 sa-

266 953 501 1068 gitts(quod
517 950 575 1036 eis
592 972 725 1040 totum
739 954 817 1066 est)
827 971 868 1038 et
878 951 987 1039 vitae
1001 973 1194 1069 quaestus

265 1093 307 1158 et
335 1071 574 1156 hereditas:
602 1075 691 1158 sola
735 1074 882 1186 sagitta
922 1075 1195 1176 venantibus,
1226 1093 1234 1114 “

268 1224 391 1279 carne
435 1194 526 1279 altis
571 1195 735 1280 abunde
770 1213 812 1278 et
847 1196 981 1294 lacte,
1023 1215 1065 1279 et
1108 1225 1199 1279 mu·

265 1317 361 1402 nitis
410 1313 585 1429 pellibus
629 1315 682 1398 ad
722 1313 1010 1402 tolerantiam:
1060 1335 1196 1400 cetera

265 1466 343 1552 pro
377 1435 524 1549 opibus
553 1433 774 1552 hospitales
804 1453 846 1516 et
884 1433 1000 1546 loqui
1042 1435 1195 1582 blanda

267 1585 361 1640 cum
391 1556 586 1641 moribus.

109 1711 145 1756 rs
146 1723 251 1756 .......
316 1676 462 1766 XCVI.
483 1674 566 1758 Sed
585 1674 882 1759 Pharasmanes
899 1703 1068 1790 quoqne
1082 1675 1195 1760 Cho-

73 1779 250 1894 ¹²‘2.1‚²⁴”*
266 1794 513 1880 rasmiorum
542 1823 618 1882 rex
648 1795 806 1908 equites
842 1795 1072 1880 adduxerat
1100 1795 1197 1879 Ale·

264 1917 423 2002 xandro
474 1914 737 2016 militatum,
791 1914 952 2001 vicinus
998 1913 1194 2030 scythicis

266 2033 538 2122 Unimsmmis
568 2059 637 2138 tn,
679 2035 724 2118 in
770 2063 873 2150 quas
922 2035 1008 2120 sibi
1053 2037 1196 2120 hostes

263 2157 446 2270 praeiret
472 2155 508 2240 si
549 2156 792 2254 iuberetur,
843 2183 969 2268 snpra
997 2156 1110 2240 viros
1148 2173 1201 2240 ut·

267 2278 370 2362 sciat
411 2273 590 2362 martias
632 2275 864 2364 Alexander
893 2302 995 2360 vero
1033 2274 1097 2379 his
1126 2275 1197 2359 In·

264 2398 340 2482 dos
396 2417 702 2512 praeoptans
680 2417 743 2495 tt,
783 2423 828 2478 se
871 2396 930 2479 ait
956 2370 1162 2482 redire
1148 2423 1194 2478 m

265 2517 465 2604 Graecias
496 2531 552 2617 dt,
576 2538 623 2602 ut
649 2518 760 2602 exim
788 2515 1016 2629 reliqua
980 2545 1067 2602 etus
1097 2512 1197 2598 belli

264 2661 386 2754 agat.
415 2638 556 2722 Oxum
602 2637 730 2755 igitur
765 2655 807 2718 et
854 2624 1123 2753 Sogdianus
1125 2665 1196 2720 re·

262 2777 407 2844 tracta
436 2761 614 2843 turbare.

135 2891 247 3006 mwi'
322 2879 489 2964 XCVII.
509 2871 697 2962 Nuntiati
715 2898 750 2954 ω
765 2878 826 2962 ibi
845 2875 1080 2962 Alexandro
1111 2874 1195 2957 duo

173 2990 398 3083 fontes
428 2997 557 3083 futuri
591 2995 811 3113 praesagio
861 2996 1055 3095 suborti,
1096 2995 1195 3077 hor-

256 3119 349 3202 rori
382 3116 498 3202 fuere
535 3147 634 3232 prae
670 3118 974 3202 admiratione:
1017 3141 1194 3229 quornm

5 3447 17 3488 μ
296 3420 330 3472 (ι)
347 3417 500 3498 Cedzatqtu·
525 3415 560 3480 11)
579 3417 638 3462 cod.
655 3415 743 3498 duih.
756 3420 789 3496 (r)
806 3416 867 3463 ssed.
887 3423 1094 3483 poemataque·
1111 3413 1194 3474 (012⁸

262 3487 317 3532 ced.
337 3489 450 3532 cracem.
475 3487 509 3542 (e,
526 3485 585 3532 (1οῶ
603 3495 706 3531 namuro
722 3485 782 3535 ntur

297 3743 340 3810 (ι)
358 3737 466 3812 Nempe
483 3738 670 3800 maenibus.
