3109 4934
586 549 665 620 sav
690 547 866 620 ussus
1146 571 1188 640 μ

264 697 464 811 templum
505 693 606 781 illud
646 693 782 782 luisse.
826 697 876 781 ln
911 723 963 779 eo
993 695 1194 782 obeliscos

262 845 427 930 quoque
444 818 546 900 duos
565 815 679 901 videt
696 815 1012 933 proceritudiuis
1027 819 1193 902 erectis·

259 940 412 1038 simae,
443 934 515 1050 qui
546 937 682 1023 adhuc
710 936 987 1020 Alexandriae
1006 963 1196 1050 perseve-

260 1077 353 1142 rant
383 1059 427 1142 in
457 1057 621 1172 Serapis
650 1056 808 1168 templo
828 1071 866 1136 (ι)
895 1055 1051 1139 circum
1080 1075 1197 1167 septa

259 1175 509 1262 extrinsecus
530 1176 762 1262 assistentes
784 1174 870 1258 eius
899 1174 1059 1288 templi,
1081 1175 1195 1288 quod

259 1319 366 1380 aetas
395 1297 533 1381 iunior
563 1296 765 1380 laboravit
776 1315 823 1376 o).
853 1296 934 1378 Sed
963 1297 1065 1378 haec
1093 1323 1195 1379 saxa

259 1417 426 1528 (quosw
442 1417 620 1502 diximus
641 1415 864 1513 obeliscos,
883 1418 995 1528 quod
1015 1416 1068 1500 ad
1088 1443 1192 1498 veru

256 1531 437 1621 ferreum
467 1537 556 1622 saxi
584 1553 621 1613 (υ
649 1534 876 1621 sublimitas
907 1536 1109 1649 quadret)
1127 1533 1194 1617 iu-

131 1737 134 1743 .
258 1657 409 1770 signita
439 1675 535 1742 sunt
575 1676 616 1740 et
656 1655 855 1773 iuscripta
894 1656 1098 1771 aegyptiis
1138 1683 1189 1740 ac

257 1774 385 1862 sacris
427 1775 581 1862 litteris.
615 1779 770 1860 Eorum
812 1804 980 1860 causum
1023 1796 1065 1859 et
1107 1773 1190 1858 ori·

256 1897 396 2012 ginem
425 1925 520 1982 cum
549 1894 812 2010 requisisset,
842 1894 1131 1981 Sesonchosim
1151 1915 1190 1970 ‹³›

256 2045 399 2132 regem
430 2045 573 2104 eorum
605 2036 815 2100 auctorem
845 2043 933 2100 esse
968 2013 1188 2116 dicebaut,

259 2137 332 2250 qui
375 2136 529 2252 potitus
573 2134 852 2223 susiversitatis
897 2135 949 2217 ad
994 2135 1059 2220 sui
1098 2165 1188 2218 mo-
1307 2195 1313 2204 -

257 2257 485 2342 nimentum
516 2285 605 2343 esse
634 2255 854 2357 voluisset,
884 2283 987 2368 quos
1007 2254 1096 2340 Diis
1121 2283 1188 2340 re-

254 2377 439 2494 ligiosius
469 2397 793 2463 consecraverat.
830 2379 979 2461 Lectae
1008 2375 1186 2488 denique

286 2608 322 2662 (⁰)
338 2606 397 2652 flod·
414 2608 523 2654 meus.
542 2605 646 2668 (dlcsd.
658 2607 732 2671 [meo
749 2606 818 2652 assis.

291 2758 334 2822 (ι)
354 2753 554 2824 Hicesius,
574 2757 714 2830 seriptum
733 2761 808 2814 hauc
835 2759 986 2816 historiam
1014 2769 1094 2812 cesse
1118 2767 1183 2808 sues

253 2827 361 2887 Christi
382 2851 486 2890 sunum
504 2846 679 2890 ccclxxxix.
711 2853 771 2908 quo
801 2849 928 2910 tempore
954 2835 1071 2890 iubente
1089 2831 1186 2886 Theo·

252 2905 335 2964 dosio
354 2909 509 2982 Serapeum
522 2911 646 2967 deletum
659 2931 676 2968 s
687 2913 851 2984 Theophilo
869 2913 1037 2984 pstsiuelss
1059 2909 1185 2964 Alexan·

252 2985 346 3042 drino.
367 2986 514 3044 Incolume
532 2987 687 3060 Serapeum
708 2991 839 3047 celebret
856 2990 1024 3047 demissus
1043 2999 1121 3041 1111.
1137 2979 1182 3040 16·

251 3059 382 3118 Delemm
400 3066 477 3138 luget
495 3065 641 3140 Euuspius
661 3069 692 3123 iu
711 3065 833 3126 Aedesio.

288 3144 331 3210 (a)
350 3141 398 3196 Sic
419 3143 612 3215 distinguieet
624 3142 781 3201 l'sussnias
795 3147 879 3203 Aesis.
899 3159 988 3200 nus.
1009 3135 1183 3216 Αἰγυπτίοις

249 3213 313 3291 ἶερδ.
325 3219 509 3286 Σαράπιδος,
521 3223 754 3299 ἐπιφανέστατον
765 3223 816 3292 μίν
832 3221 910 3282 ἔστιν
918 3229 952 3280 Ἀ
958 3217 1183 3291 ssfimdosdsm

249 3293 449 3368 ἆρχαιὸτατον
470 3297 505 3354 δέ
523 3297 551 3356 e’s
580 3299 714 3376 alippa:
746 3301 912 3380 Tstplsruss
942 3297 1083 3378 Sarapids's
1108 3294 1183 3371 apul

248 3375 396 3450 Aegyptios
414 3377 529 3432 osculum
541 3375 712 3436 clarissim
725 3377 1028 3447 salamandras,
1046 3374 1182 3450 antiquis·

246 3451 340 3507 ss'ssuss
361 3454 533 3528 Messtpls'ss'cs'0

288 3527 329 3596 (3)
350 3527 483 3602 Intellige
504 3533 653 3590 Sssossrs‘ss·
683 3531 745 3586 lam
767 3537 824 3589 hoc
843 3552 945 3590 nomeu
974 3529 1057 3586 miri·
1084 3527 1178 3583 nodis

250 3607 366 3661 seriens
395 3609 502 3662 videsis
534 3611 611 3680 spud
640 3609 762 3680 Zoe'gsm
790 3609 826 3667 de
854 3615 920 3683 sss‘g.
941 3623 968 3669 se
990 3627 1045 3666 uses
1071 3604 1179 3662 slsls‘sc.

251 3699 300 3751 pp.
323 3679 366 3738 16.
387 3682 451 3742 600.
473 3683 538 3758 642.
556 3685 631 3743 Vide
650 3701 680 3742 et
700 3689 871 3758 interpretes
883 3688 1006 3745 Diodori
1019 3686 1042 3741 l.
1055 3679 1102 3740 53.
1122 3681 1179 3738 Sed

249 3759 334 3829 plsue
363 3766 504 3820 consentit
533 3783 598 3820 eum
620 3765 653 3820 ·l·
673 3764 791 3820 Valerio
819 3765 946 3823 Iustinus
966 3765 1079 3836 Mastya
1099 3761 1180 3834 spud

249 3855 334 3908 quem
349 3841 457 3898 Colore.
469 3843 506 3930 ad
519 3848 606 3900 Graec.
620 3861 684 3916 cap.
697 3857 738 3900 ιι.
752 3843 865 3904 diserte
872 3845 976 3919 legitur
990 3845 1179 3920 Σισόγχυσις.

1356 1107 1376 1144 ζ
1416 1105 1424 1119 .
