3109 4934
393 535 436 605 68
649 525 904 606 stantunus
928 529 1072 606 ORTVS

391 681 642 784 convenire,
684 685 961 804 inquantum
989 709 1136 766 manus
1168 688 1325 770 armari

389 823 618 924 potuerat<
619 841 646 903 ι,
662 804 787 888 iubet.
808 793 856 885 Id
873 823 1011 886 autem
1024 835 1061 892 ιιι
1078 805 1325 919 conperiens

367 925 621 1010 ‚Alexander
659 953 710 1008 ex
744 923 859 1008 hisce
890 922 1219 1039 exploratoribus
1250 926 1325 1037 qui

389 1046 433 1128 in
475 1045 676 1129 ditionem
715 1043 992 1126 Macedonum
1037 1042 1323 1144 devenissent,

391 1166 609 1276 omniaque
628 1163 700 1250 illa
719 1163 838 1248 Darii
857 1159 1005 1246 milia
993 1183 1107 1246 turta
1133 1164 1324 1276 Euphra-

389 1305 459 1368 ten
493 1303 627 1366 castra
668 1282 886 1396 posuisse,
927 1281 1016 1395 ipse
1060 1311 1226 1396 quoque
1268 1287 1324 1368 ad
1365 1331 1372 1342 ·

391 1403 666 1486 Cassandrum
696 1421 733 1476 υ)
763 1401 911 1484 ducem
940 1429 1108 1486 suarum
1142 1403 1324 1515 partimn

392 1523 543 1636 quique
563 1524 733 1606 curabat
753 1541 851 1604 tunc
868 1513 1156 1605 Macedoniam
1175 1550 1265 1606 sese
1284 1545 1322 1597 tt

389 1641 574 1756 prolecto
605 1641 749 1726 scribit
787 1637 933 1724 omnis
957 1632 1186 1756 phalangas
1223 1671 1324 1755 quas

390 1787 567 1848 armaret
586 1783 619 1836 t>
639 1782 710 1848 aut
728 1761 866 1874 siquid
891 1783 1106 1875 praeterea
1134 1760 1178 1846 in
1208 1764 1324 1846 auxi·

389 1881 455 1992 liis
486 1881 637 1966 virium
666 1877 770 1965 foret
799 1899 1022 1994 prqpterea
1046 1881 1323 1966 admoliretur:

390 2029 524 2113 neque
570 2002 680 2086 'enim
728 2003 868 2084 hostes
913 2002 1080 2116 longius
1122 2001 1320 2086 adsidere.

391 2121 509 2224 Quae
540 2121 639 2204 dum
673 2149 751 2236 pro
794 2123 1014 2204 commodo
1057 2119 1323 2220 festinantur,

391 2243 480 2354 ipse
525 2269 611 2324 una
652 2241 838 2325 exercitu
876 2238 1032 2324 Achaia
1060 2261 1322 2354 ‘peragram

389 2359 606 2472 multisque
637 2381 851 2474 praeterea
882 2359 1117 2444 civitatibus
1144 2361 1322 2473 receptis

389 2503 459 2562 aut
495 2479 712 2594 quaesitis,
742 2483 866 2565 etiam
897 2501 1064 2564 centum
1092 2500 1134 2562 et
1158 2502 1322 2594 septua-

388 2598 502 2714 ginta
541 2598 654 2683 milia
691 2600 858 2714 collegit
888 2620 1171 2698 armatorum,
1213 2602 1323 2684 Tau·

264 2785 326 2820 ,m
386 2748 562 2832 rumque
592 2721 830 2806 transducit.
878 2727 1050 2830 limique
1090 2751 1239 2802 suanno
1281 2725 1323 2802 in

227 2851 364 2890 ⁷¹¹'⁵⁰¹¹·
389 2843 555 2926 cumeae
587 2842 707 2924 Tarni
726 2845 872 2928 montis
892 2841 1005 2924 lausto
1024 2842 1161 2956 defixa
1182 2841 1324 2924 dixisse

376 2969 527 3078 fertur:
562 2963 738 3072 Quisquis
756 2963 871 3044 illam
890 2989 959 3043 rex
978 2964 1131 3044 milesne
1154 2990 1321 3073 graecus

384 3105 455 3166 out
484 3081 667 3166 burburus
698 3083 820 3164 humo
850 3081 1007 3165 evellere
1037 3110 1156 3164 aeuus
1177 3083 1321 3191 soret,

420 3239 454 3292 (ι)
472 3237 507 3279 lte
524 3234 579 3280 ead.
591 3243 704 3296 potuerat.
719 3231 755 3289 (l)
771 3234 832 3280 ced.
848 3243 931 3279 unse·
948 3237 981 3288 (ι)
998 3233 1057 3277 (led.
1074 3246 1170 3278 vm.

426 3357 469 3422 (ι)
491 3353 562 3408 Cotl.
590 3353 787 3411 scamandrum.
819 3354 865 3410 Ite
895 3355 982 3410 etiem
1014 3354 1089 3411 alter
1118 3353 1225 3410 latinus
1254 3355 1319 3411 cod.

387 3431 478 3485 ambe.
498 3429 553 3486 Sed
573 3431 635 3488 sine
654 3432 745 3487 dubio
772 3434 836 3506 lege
856 3432 1043 3489 Casandrum.
1073 3431 1253 3504 Quemquam
1275 3452 1323 3487 re-

386 3524 456 3563 vert
486 3509 635 3578 Antipater
656 3509 814 3564 Cassandri
844 3525 927 3580 peter
956 3509 1157 3565 Macedoniam
1187 3510 1319 3564 curabat.

386 3583 491 3638 Recole
511 3582 646 3640 Itinerer.
667 3605 731 3658 eep.
751 3600 824 3642 xttt.

424 3659 980 3732 (a)1teeod.proedsese,omissa
1007 3662 1221 3736 praepositione
1242 3681 1318 3736 qnae

385 3756 450 3792 mox
472 3740 605 3809 sequitur
625 3757 691 3794 eum
711 3741 803 3795 verbo
821 3704 1008 3798 elinoliretur.
1039 3741 1146 3794 Recole
1166 3759 1241 3811 quae
1263 3760 1315 3794 no-

385 3817 443 3869 tavi
468 3816 505 3868 ed
537 3813 685 3870 itinerarii
706 3809 893 3887 suppucia.
923 3831 1039 3874 etcxt.
1067 3818 1131 3872 Nisi
1151 3818 1312 3872 fosseneis

384 3893 474 3950 mevit
497 3891 635 3963 deinceps
656 3892 750 3966 legere
770 3910 903 3972 propter,
927 3913 1014 3970 quem
1034 3909 1186 3972 prepterea.
