3109 4934
392 527 415 586 1¹
750 500 954 572 untionis

391 648 612 742 Quamquam
637 645 859 716 Graecorum
882 643 1030 753 ingenia
1058 641 1117 716 bis
1141 645 1315 738 tempori·

388 739 456 810 bos
481 742 737 834 cooperantia
761 737 939 809 eiusmodi
961 735 1103 806 lusibus
1144 737 1316 809 audacius

389 835 595 904 exsultare:
619 857 701 904 nam
728 850 765 904 st
789 831 829 902 bi
852 831 966 900 fucati
987 831 1211 900 Eroticorum
1227 832 1315 902 acri·

388 945 535 1088 brom,
560 927 592 998 ai
617 929 733 996 minus
771 923 818 994 ab
849 923 1006 1018 Aesopi,
1044 942 1143 994 certe
1182 945 1204 990 a
1232 924 1316 996 lulii

420 1022 524 1090 alerii
563 1036 678 1090 aetate
715 1019 822 1091 valde
860 1015 987 1088 abesse
1023 1040 1100 1088 nou
1138 1015 1316 1088 videatur.

388 1113 472 1184 Esto
501 1115 623 1212 igitur.
648 1114 746 1184 Dicit
770 1114 893 1206 aliqua
920 1110 1082 1180 Valerius
1123 1133 1218 1203 quae
1250 1133 1315 1179 ue·

390 1229 448 1276 mo
472 1227 591 1368 plotest
615 1206 746 1276 adduci
772 1225 813 1315 ut
835 1203 974 1286 credam
989 1205 1103 1368 ιοῃὶοὶ
1118 1204 1240 1368 etiamt
1243 1226 1317 1356 ¹21⁰).

389 1323 430 1370 re
455 1323 569 1370 soum
604 1323 730 1370 verum
763 1319 874 1370 ettam
898 1319 969 1368 tem
997 1321 1052 1368 ora
1080 1319 1123 1370 ara
1145 1319 1203 1366 err
1304 1324 1316 1376 t

389 1417 464 1462 non
488 1395 553 1462 ille
577 1391 715 1464 idcirco
740 1415 865 1462 omnes
898 1321 1085 1461 sambrum
1117 1408 1155 1461 et
1176 1389 1318 1460 fabula·

389 1507 468 1556 turo
493 1504 620 1556 ventos
647 1487 800 1583 colligit.
830 1485 1072 1556 Vetustissimi
1094 1485 1140 1557 tle
1163 1485 1317 1556 atern-

388 1577 456 1648 dro
479 1581 701 1672 scriptores,
733 1601 844 1650 immo
866 1598 904 1648 et
927 1579 1092 1651 eiusdem
1120 1578 1319 1672 aequales,

389 1675 533 1765 quantis
558 1697 598 1742 se
621 1671 842 1742 vanitatibus
877 1671 1093 1742 tradiderint
1127 1669 1319 1741 wamia

390 1766 548 1848 nendos,
575 1767 705 1838 alioin
731 1768 813 1834 loco
835 1764 968 1836 docere
1004 1787 1064 1836 me
1098 1765 1246 1844 memini
1270 1768 1319 1832 l’l.

390 1859 531 1948 Quibus
556 1861 587 1928 si
622 1859 730 1930 addas
756 1861 965 1954 aequiorum
996 1875 1157 1928 aetatum
1194 1875 1320 1927 aneta·

387 1973 446 2020 res
491 1951 657 2034 arabes,
695 1973 902 2038 armenos¹
941 1975 1068 2045 persas
1114 1968 1154 2024 et
1186 1947 1319 2030 iudos,

387 2041 617 2114 barbariora
642 2047 775 2116 latinos
800 2063 861 2114 aut
884 2045 1095 2142 graeculos,
1122 2042 1218 2115 nibil
1250 2043 1320 2112 im·

387 2137 514 2298 furios
553 2141 747 2210 Alexandri
789 2139 944 2208 historia
990 2136 1226 2208 arbitraberis
1270 2136 1321 2202 (⁸).

408 2233 455 2298 sti
492 2232 589 2302 enim
622 2257 819 2327 numquam
855 2231 933 2301 lere
963 2232 1190 2324 auspicantes
1212 2227 1320 2323 quale

386 2323 435 2391 sit
459 2325 602 2395 sincere
625 2326 665 2395 id
689 2347 744 2398 eat
768 2321 944 2395 historice
974 2325 1139 2396 scribare
1156 2374 1167 2408 ‚
1184 2324 1319 2394 nullius

388 2420 584 2487 commenti
618 2419 880 2490 absurditatem
917 2436 1189 2490 recusaverunt.
1213 2417 1320 2486 Vale·

386 2510 463 2578 rius
488 2531 611 2580 contra
637 2535 717 2582 raro
746 2514 843 2582 tollit
864 2511 1027 2582 funditus
1064 2514 1256 2582 veritatem
1285 2525 1322 2578 et

261 2687 263 2694 s
390 2601 516 2685 fidem,
543 2607 711 2699 quamvis
735 2629 845 2699 saepe
869 2608 981 2702 paulo
1004 2623 1209 2697 pertertare
1232 2601 1323 2696 quin

388 2695 429 2764 in
454 2701 552 2768 omni
577 2698 869 2783 fabriciorum,
891 2700 996 2793 quasi
1020 2701 1175 2769 laminae
1192 2719 1322 2793 urgea-
1439 2701 1445 2710 ’

389 2791 521 2872 teclae,
547 2793 712 2864 veritatis
730 2795 887 2868 alicuius
904 2794 1067 2885 vestigia.
1091 2791 1194 2869 unde
1218 2809 1318 2860 ortae

388 2885 464 2953 sint
488 2888 717 2958 narrationes
742 2886 789 2958 de
813 2886 1009 2957 Alexandri
1038 2888 1078 2956 in
1102 2887 1241 2956 ltaliam
1257 2882 1320 2952 ad·

386 2997 499 3048 ventu
512 3023 524 3060 ,
549 2979 669 3076 daque
692 2983 798 3051 hasta
821 2984 861 3052 iu
883 2981 1002 3050 Tauro
1026 2997 1151 3050 monte
1173 2975 1319 3059 delixa,

385 3074 461 3142 suis
477 3073 566 3144 locis
583 3075 691 3144 docui
706 3082 753 3142 tu.
769 3075 825 3148 Ab
838 3071 1044 3146 Alexandro
1064 3073 1111 3142 de
1128 3068 1320 3142 itineribus

429 3250 473 3314 (t)
494 3242 571 3300 Vide
592 3244 645 3321 lib.
669 3243 693 3298 1.
715 3262 781 3316 cap.
801 3258 861 3300 xit.
882 3262 949 3303 cura
967 3255 1036 3300 osta
1054 3257 1083 3298 a.
1099 3259 1128 3313 p.
1149 3257 1196 3298 aa.

428 3325 470 3390 (a)
492 3319 617 3382 Praelat.
634 3319 670 3375 ad
692 3319 830 3378 Itinerar.
849 3339 915 3393 cap.
935 3335 977 3376 tv.

428 3394 470 3465 (3)
491 3395 596 3452 Cool'sr
616 3395 847 3452 Sancticruciuro
867 3403 959 3454 uasa.
980 3395 1031 3454 det
1049 3395 1197 3452 saarim
1213 3388 1322 3452 d'Alax.

388 3487 418 3541 p.
449 3469 513 3543 167.
542 3485 572 3527 et
603 3490 687 3546 seqq.
717 3493 771 3529 aec
798 3493 856 3528 non
875 3473 1064 3546 llsrbslotuua
1083 3471 1203 3528 maort.
1223 3474 1320 3529 ariana.

387 3565 452 3602 voc.
472 3548 617 3606 litanda.
646 3551 688 3606 us
713 3551 839 3607 historia
867 3551 1024 3606 Alexandri
1057 3552 1225 3606 amoniaca
1254 3549 1320 3605 vide

389 3625 459 3680 itam
487 3641 580 3684 mean
611 3628 819 3699 praefationem
846 3627 886 3682 ed
913 3625 1062 3685 Philonem
1092 3639 1148 3682 etc.
1167 3641 1245 3699 part
1265 3626 1318 3687 lll.

390 3717 425 3758 01
447 3741 455 3758 .
476 3717 515 3759 ll·
604 3717 629 3761 1.

387 3721 469 3936 ⁶⁹lli)
489 3721 562 3835 bill:
574 3718 600 3835 1⁷.
620 3796 684 3851 esp.
703 3793 766 3836 aar.
784 3797 814 3851 p.
834 3793 932 3836 soar.
951 3799 981 3838 u.
1003 3797 1029 3838 1.
1059 3791 1090 3838 et
1120 3798 1186 3853 cap.
1207 3793 1269 3839 tat.
1288 3797 1316 3852 p.

452 3877 482 3915 aa.
504 3872 529 3912 ι.
