3109 4934
579 483 849 556 stsxanonr·
1133 495 1183 582 4³

4 709 8 718 .
96 676 236 740 s.‚..,.÷.
322 631 504 720 LXVIII.
534 627 641 714 Hinc
671 633 851 717 Mediam
880 631 1022 748 dirigit
1047 637 1186 722 studio

63 747 229 796 ”¹¹³¹'³'²”·
258 753 377 842 Darii
395 750 624 865 capiendi,
655 751 750 863 qui,
781 754 819 838 si
847 751 1015 838 ulterius
1034 784 1184 870 urgue-

251 895 370 962 retur
399 871 688 957 insectantium
717 869 974 986 pervicaeia‚
1009 877 1183 960 nansire

253 997 495 1078 decreverat
525 993 579 1076 ad
608 990 872 1102 Hyrcaniam.
903 991 1068 1105 Quippe
1096 998 1181 1078 Da·

243 1113 330 1198 rius
344 1113 492 1195 Bactra
505 1110 839 1226 populatus‚tum
854 1109 1044 1196 omnibus
1058 1112 1183 1226 adpe-

242 1232 380 1319 tendis
395 1229 600 1345 corruptis
614 1249 683 1312 aut
697 1229 921 1314 amandatis
941 1252 990 1329 to,
1002 1233 1182 1344 dampno

110 1379 115 1384 ·
241 1351 423 1466 regionis
435 1369 471 1426 ‹⁸›
488 1371 630 1434 contra
649 1350 909 1464 insequentes
926 1353 1107 1434 cavebat
1118 1353 1180 1436 Ac

242 1471 381 1583 siquid
418 1469 495 1554 sibi
525 1468 685 1583 regium
715 1489 785 1554 aut
814 1469 866 1551 de
896 1465 1044 1559 affectu
1060 1471 1177 1586 regio

204 1673 207 1680 ,
239 1592 545 1706 supersederat,
575 1589 619 1672 id
639 1615 760 1672 omne
779 1589 862 1672 iam
880 1589 1000 1702 Pylas
1020 1591 1177 1703 caspias

237 1711 440 1824 relegarat
453 1728 506 1808 to,
538 1735 703 1821 unaque
723 1707 1073 1794 comitantibus-et
1094 1710 1177 1794 uti-
1299 1815 1306 1826 .

241 1827 352 1913 litate
383 1828 567 1929 devotis,
610 1848 657 1928 ut
687 1825 964 1942 opinabatur,
997 1859 1102 1943 quos
1130 1859 1176 1916 se

237 1949 355 2062 sequi
370 1967 407 2024 (ἱ)
424 1961 643 2063 coegerat,
675 1951 923 2032 morabatur.

99 2109 222 2158 naa..
296 2069 442 2152 LXIX.
474 2069 637 2172 Quare
669 2087 900 2180 conperta,
931 2065 1173 2156 duodecima

39 2177 121 2291 ῗζξζ,
140 2179 224 2298 ξζξξζ
240 2187 409 2272 demum
446 2188 511 2272 die
541 2187 718 2272 Mediam
739 2187 971 2272 Alexander
990 2189 1171 2291 advolat,

38 2313 175 2362 *ww-
241 2309 353 2420 quod
389 2311 498 2393 exim
539 2307 646 2392 ultra
677 2307 861 2392 abiturus
885 2307 1035 2393 Darius
1063 2303 1169 2394 fere·
1277 2334 1280 2342 ’

235 2430 376 2526 batur.
398 2429 479 2512 Sed
508 2427 590 2511 iam
612 2429 843 2542 digressum
865 2455 949 2538 una
966 2429 1169 2515 thesauris

234 2546 465 2660 insequitur
494 2545 616 2644 unius
642 2549 724 2634 diei
746 2549 907 2662 reliquo
932 2547 1167 2635 intervallo:

231 2667 438 2784 nescitque
465 2695 489 2750 a
516 2665 744 2782 transfuga,
763 2692 973 2786 pertaesos
993 2667 1167 2754 comites

201 2783 352 2902 ¹lagae
383 2791 497 2888 eius,
542 2817 619 2871 ceu
660 2787 696 2872 si
736 2787 781 2872 iu
816 2791 993 2906 gratiam
1028 2787 1166 2901 potio·

230 2905 319 3006 ris,
349 2911 523 2994 Darium
553 2911 710 2992 habere
745 2912 822 2994 sub
856 2907 1055 2994 vinculis:
1087 2908 1166 2990 Be·
1250 2969 1253 2976 -

230 3053 322 3110 sum
352 3056 454 3112 vero
482 3026 698 3112 satellitem
726 3032 838 3146 regis
868 3030 956 3112 eius
985 3026 1165 3142 iusignia

104 3249 110 3256 Ι
230 3145 443 3260 recepisse.
475 3147 604 3260 Igitur
638 3169 736 3233 voto
770 3149 990 3262 pennatior
1020 3167 1061 3230 et
1089 3173 1162 3260 spe

230 3266 318 3350 voti
362 3267 541 3378 ignotior
572 3283 602 3346 te)
637 3289 677 3352 et
706 3268 798 3352 viae
828 3295 925 3351 usus
955 3266 1159 3382 asperiore

232 3383 464 3497 conpendio
509 3387 554 3471 id
598 3387 810 3472 elaborare
872 3389 926 3472 ad
981 3388 1158 3503 pretium

265 3707 299 3759 (ι)
316 3703 376 3751 cod.
387 3705 513 3754 mussa.
536 3707 570 3762 (I)
588 3707 647 3756 coa.
672 3709 728 3770 regi.
762 3713 795 3765 (e)
820 3712 880 3758 cod.
897 3709 1012 3786 relegunt.
1039 3709 1076 3770 (δ)
1092 3709 1154 3761 Μ

227 3785 287 3835 με
301 3784 410 3820 ruem·
436 3778 512 3838 (un
528 3779 582 3823 sod.
599 3777 647 3822 nbi
662 3779 737 3824 naria
754 3779 850 3842 spato.
