3109 4934
409 503 453 576 62
663 499 918 576 ataxtrtoal
943 498 1087 576 ortvs
1114 573 1118 578 .

407 651 672 740 memoratis:
720 687 747 736 ιι
783 653 902 738 Ultra
943 652 1025 738 iliis
1069 681 1189 766 spem
1230 627 1337 740 vitae

406 807 435 858 2>
464 775 651 890 agendae
667 797 703 852 ιιι
721 775 805 860 iam
829 774 1138 889 deponendam,
1158 771 1337 860 simodo

406 925 434 978 >a
464 895 630 980 creditis
662 895 742 982 sibi
775 893 928 981 finibus
969 892 1314 980 abscessissent¹
1290 915 1337 982 (ι.)

404 1049 432 1100 ι)
466 1015 631 1130 Quippe
644 1015 815 1102 virtutes
824 1017 1002 1104 hosticas
1014 1011 1232 1130 magnifice
1245 1044 1340 1100 exe·

405 1171 434 1220 >›
465 1157 579 1220 cutos
613 1135 789 1222 nihilum
816 1135 991 1250 periculi
1016 1133 1337 1234 monstravisse,

374 1289 435 1342 ‘a
466 1283 594 1368 qrrare
631 1261 868 1342 abscessum
885 1275 923 1332 (ὖ)
954 1258 1017 1344 ire
1065 1255 1339 1340 Macedonum

405 1407 435 1460 >>
465 1373 704 1462 fortitudine
718 1401 751 1454 ‹e›
769 1376 1010 1490 potuissent
1024 1378 1077 1461 Et
1088 1405 1214 1488 quem
1227 1375 1339 1458 enim

407 1531 434 1580 u
464 1496 749 1598 vulneratum,
779 1495 939 1610 inquit,
959 1520 1144 1584 vestrum
1162 1525 1339 1608 quemve

404 1649 433 1702 >r
464 1615 756 1755 interemptum
786 1617 955 1703 audieus
979 1619 1062 1702 hoo
1083 1614 1341 1702 coniectem?

404 1771 434 1822 ι)
463 1736 614 1821 Nihil
602 1737 728 1854 igitur
747 1767 987 1852 superesse,
1018 1766 1144 1852 quam
1162 1733 1224 1820 uti
1244 1765 1340 1850 pro-

405 1891 433 1941 »
463 1861 539 1942 bro
568 1853 694 1944 fuisse
711 1858 948 1944 huiusmodi
967 1859 1096 1943 duces
1115 1859 1339 1942 Persarum

405 2011 433 2060 a
462 2005 595 2092 regno
614 1977 838 2066 sentiret»
870 1979 992 2063 Sed
979 2000 1091 2062 mter
1112 1975 1267 2066 haec
1254 2005 1338 2062 ram

401 2099 682 2186 Alexandrum
711 2099 858 2184 iuxtim
886 2098 1236 2212 posuisseeastra
1264 2128 1339 2180 no·

404 2217 501 2318 scit,
528 2241 782 2334 propterque
801 2218 985 2304 vicinum
1005 2217 1175 2304 fluvium
1193 2214 1337 2302 invisi·

400 2359 499 2424 tare.
524 2339 656 2455 Igitur
675 2341 729 2424 ad
748 2340 884 2453 ipsum
901 2349 1045 2425 rursus
1063 2359 1105 2422 et
1123 2336 1337 2422 nominum

401 2461 676 2572 arrogantiam
700 2481 742 2544 et
769 2465 958 2547 Deorum
975 2458 1229 2546 consortium
1258 2456 1337 2544 sibi

400 2579 648 2680 vendicans,
678 2581 945 2694 gentiumque
962 2609 1008 2665 se
1029 2601 1195 2666 oentum
1214 2599 1337 2690 atque

400 2698 548 2816 viginti
578 2701 791 2785 dominum
819 2698 1103 2816 praedicans
1090 2719 1149 2784 tta
1180 2697 1336 2786 scribit

250 2849 300 2896 ιιι·
302 2845 389 2894 vnit
463 2821 529 2905 LI.
562 2852 589 2903 ιι
617 2820 755 2906 Latuit
796 2851 850 2904 ne
882 2841 924 2906 te
951 2821 1116 2917 solum,
1160 2820 1338 2904 Alexan·

229 2915 432 3036 immi»
463 2941 563 3042 der,
592 2941 711 3028 Darii
730 2970 884 3026 nomen
911 2943 1128 3053 honosque
1152 2939 1221 3022 ille
1251 2969 1335 3052 qno

277 3129 289 3152 ,
403 3094 431 3143 ι)
461 3088 537 3146 nos
588 3065 714 3148 donat
761 3083 884 3175 atque
926 3059 1147 3175 participat
1187 3087 1336 3174 supera

401 3213 429 3264 u
460 3181 685 3268 maiestas?
729 3211 864 3295 eoque
906 3206 1028 3269 ausus
1065 3209 1111 3264 es
1140 3195 1177 3256 ι’)
1207 3199 1337 3262 trana-

400 3329 428 3382 ι)
460 3301 585 3388 misso
629 3305 736 3388 muri
769 3306 914 3388 Persas
944 3298 1072 3388 veluti
1101 3299 1231 3386 hostis
1261 3325 1336 3412 ap-

400 3421 649 3534 apellare?
695 3451 781 3508 non
822 3421 1104 3508 beatissimum
1144 3440 1258 3504 ratus
1300 3415 1337 3502 si

398 3697 445 3744 pru
462 3695 528 3728 ιιιιιιι
545 3698 567 3727 er
583 3683 656 3728 habet
670 3697 747 3728 rursm
764 3697 801 3730 ea.

439 3817 481 3886 (ι)
501 3811 607 3870 confer
626 3811 777 3870 itinerarii
797 3825 887 3886 eaput
905 3826 966 3870 ιιι.
