3109 4934
424 515 486 606 196
650 513 904 588 ALEXANDRI
930 517 1088 589 oolnvs

419 667 517 748 ueste
546 668 666 750 etiam
684 665 924 778 indignantis
942 670 976 750 si
992 668 1051 751 oe!
1065 671 1110 747 in
1129 665 1206 748 hoc
1224 661 1350 750 Alex·

418 787 539 867 andri
558 787 796 868 intermedio
810 789 891 869 eicis
909 788 1139 870 ulciscamur
1148 787 1345 866 iuratione.

478 903 620 988 LXIV.
650 905 728 988 Sed
759 905 816 987 ad
842 906 941 989 haec
970 909 1108 1015 regina
1138 905 1344 986 Condaoe:

419 1023 572 1134 Neque,
602 1028 757 1132 inquit,
789 1049 946 1125 anate,
974 1026 1071 1108 notu
1088 1023 1147 1105 ad
1163 1023 1346 1106 Alexan·

417 1145 530 1226 drum
559 1145 718 1227 istud
704 1147 868 1228 uduriae
903 1148 1035 1256 facit,
1076 1166 1116 1226 et
1156 1141 1346 1278 perfacile

416 1262 605 1346 dannum
635 1285 691 1346 est
718 1263 869 1374 regibus
902 1294 979 1348 urw
1011 1266 1136 1348 milite
1164 1264 1343 1344 caruisse.

418 1381 527 1464 Tunc
559 1385 809 1493 legacionis
796 1411 855 1464 eus
886 1407 926 1467 et
946 1385 1090 1499 foedus
1108 1403 1344 1493 perpeaatm

414 1503 732 1586 inarmooumm
774 1505 816 1582 in
859 1502 970 1586 nobis
1012 1503 1227 1586 claudicare
1258 1529 1341 1580 non

413 1624 551 1706 siriam.
583 1623 649 1705 Ad
674 1623 770 1704 haec
793 1621 1021 1706 Candaules
1045 1627 1167 1706 etiam
1184 1622 1338 1728 excipit:

414 1741 549 1851 Neque
576 1740 1178 1850 sareeadistaquaeiustasunt
1210 1768 1237 1819 a
1265 1767 1339 1820 no-

412 1857 469 1940 bis
511 1885 663 1998 quoque
702 1861 826 1946 aberit
868 1864 1065 1999 Antigono
1098 1862 1335 2000 defensatio:

409 2005 530 2086 neque
559 1983 664 2062 enim
694 1982 883 2092 ingetutae
911 1984 1166 2064 corucientiae
1193 2001 1277 2073 est,
1305 2011 1336 2062 o

408 2125 483 2206 quo
515 2099 588 2182 tibi
625 2103 792 2184 sanaem
825 2101 966 2182 datorn
998 2103 1147 2207 tuisque
1175 2102 1333 2209 fateare

406 2219 488 2298 eius
536 2220 719 2304 iniustam
763 2222 927 2302 exituun
971 2221 1208 2330 prodidisse.
1257 2218 1337 2300 Sed

404 2339 511 2419 enim
528 2343 679 2448 fortior
708 2341 869 2434 iuuenis,
901 2339 1104 2448 Numquid
1134 2367 1225 2451 ergo
1243 2367 1332 2420 ma·

404 2459 482 2556 cis,
516 2461 734 2556 Cmtdoule,
762 2490 881 2570 super
908 2459 984 2540 hoc
1002 2457 1190 2567 Aruigoni
1207 2488 1331 2570 prae-

402 2579 481 2659 mio
524 2579 628 2660 bello
673 2607 745 2660 nos
787 2578 1022 2661 decernere?
1061 2583 1199 2660 (strum
1227 2583 1331 2660 enim

402 2699 539 2782 ustus
570 2699 645 2796 sit,
684 2696 793 2796 vide,
832 2697 1018 2780 ultionem
1047 2698 1127 2782 suis
1156 2727 1213 2778 an
1240 2711 1325 2778 o'ero

399 2819 517 2902 citent
551 2822 706 2930 gratiae
736 2817 1022 2929 praestitisse?
1060 2815 1151 2900 Ibat
1184 2817 1326 2900 adole·

400 2942 566 3022 scentior
596 2940 732 3048 servor
758 2959 797 3020 et
824 2939 879 3018 ois
906 2965 997 3018 erun
1026 2937 1171 3045 inqoetu
1199 2939 1327 3020 enini

397 3062 563 3168 regalis,
597 3079 633 3140 et
660 3087 712 3144 ex
732 3059 829 3169 pari
856 3058 1049 3164 curitaque
1075 3057 1239 3166 gliscens
1262 3061 1324 3139 in-

398 3180 579 3286 dignatio
620 3177 900 3292 asperabotur:
929 3173 1199 3285 metuebatque
1236 3205 1323 3258 mo·

395 3317 454 3378 ter
471 3297 621 3404 ecquod
637 3319 672 3372 ιιι
685 3320 792 3378 aetas
823 3297 898 3379 ilia
916 3317 1056 3380 temere
1072 3295 1320 3379 consultaret.

452 3413 578 3499 LXV
599 3417 766 3499 Sedueto
790 3417 906 3525 igitra
918 3414 1169 3511 Alexandro,
1187 3419 1318 3519 Nure,

392 3533 542 3638 inquit,
578 3553 722 3642 tenipus
755 3559 835 3616 est
850 3555 941 3612 tuae
970 3533 1191 3616 celebratae
1216 3563 1321 3646 pru·

278 3736 284 3750 ‚
391 3649 563 3730 deretiae:
592 3652 881 3761 repperiendum
897 3653 1005 3731 enirn
1023 3654 1172 3735 consilii
1200 3681 1318 3761 genus

422 3814 647 3882 (ιο.οιιιιιᾱ
