3109 4934
438 513 459 590 4
585 587 592 600 ¹
691 491 949 568 narramur
974 491 1118 566 oarvs

434 675 526 730 sum
555 674 628 730 rex
657 645 929 730 Acernanum
960 641 1193 726 Alexander
1223 644 1365 732 relert':

433 769 558 852 Istam
571 767 847 879 arrogantiam
858 785 941 854 non
957 767 1105 877 probo.
1127 764 1238 868 Quid
1252 768 1364 850 enim

433 908 471 970 te
484 889 645 972 iuvabit
659 886 822 999 imperii
835 911 943 970 vana
962 884 1130 968 iactatio
1151 885 1203 966 de
1214 914 1363 969 secun·

433 1009 495 1092 dis
539 1007 727 1092 crastinis
776 1003 1073 1088 fluctuantem?
1114 1005 1211 1088 Non
1255 1006 1365 1088 enim

432 1129 547 1211 vides
577 1147 622 1210 ut
643 1148 750 1209 stare
770 1121 933 1207 fortuna
952 1125 1170 1208 hominum
1188 1125 1365 1223 nesciat,

430 1271 556 1358 utque
598 1246 641 1326 in
684 1247 747 1328 his
796 1241 985 1356 fragilior
1025 1245 1228 1329 habeatur
1269 1248 1363 1357 qni·

430 1394 607 1476 cumque
644 1363 704 1446 illi
733 1391 782 1446 ea
823 1363 1014 1449 victitant
1043 1365 1366 1450 nexabundius?

431 1487 495 1571 Ad
527 1489 629 1568 haec
672 1483 892 1568 Nicolaus:
924 1485 1039 1566 Haec
1069 1485 1267 1594 quidem,
1298 1487 1363 1569 in·

429 1605 552 1719 quit,
573 1631 657 1686 non
688 1605 930 1688 invenuste:
977 1602 1191 1688 enimvero
1237 1605 1362 1689 velim

431 1725 536 1810 scire
568 1755 642 1808 cur
674 1724 802 1808 assis?
830 1750 927 1806 nam
957 1744 998 1807 te
1017 1723 1202 1838 Philippi
1231 1721 1363 1810 filium

431 1843 539 1930 lama
568 1843 807 1958 praelocuta
837 1865 912 1926 est.
943 1844 1109 1926 Fatetur
1128 1843 1363 1929 Alexander

430 1993 518 2049 sese
551 1966 603 2048 ad
634 1963 860 2048 certamina
889 1963 1185 2078 quadrigarum
1228 1966 1363 2050 studio

428 2111 605 2167 coronae
643 2085 818 2170 venisse.
867 2085 976 2168 Tum
1022 2082 1221 2168 Nicolaus
1268 2081 1362 2168 felle

428 2205 479 2286 de
522 2205 649 2291 nimia
691 2203 978 2318 indignatione
1028 2199 1241 2304 suffusus,
1292 2209 1362 2290 de-

426 2345 696 2436 spectansque
727 2323 814 2408 eius
846 2323 1065 2407 aetatulam
1095 2351 1231 2436 neque
1275 2327 1361 2412 vim

429 2442 555 2528 animi
594 2444 893 2541 considerans,
928 2466 1174 2556 consputum
1222 2445 1360 2536 adole·

429 2564 657 2648 scentulum
688 2584 729 2647 et
758 2563 986 2648 maledictis
1012 2563 1261 2678 increpitum
1290 2566 1361 2650 de·

426 2682 602 2796 reliquit.
633 2686 686 2766 At
704 2711 804 2769 vero
823 2683 1056 2766 Alexander
1076 2685 1150 2796 qui
1175 2684 1362 2776 omnium

426 2803 732 2916 disciplinarum
769 2803 1067 2888 continentiam
1102 2803 1300 2919 magistro
1325 2827 1362 2882 ‹a›

427 2944 630 3007 ostentare
661 2921 884 3021 didicisset,
917 2924 1108 3007 abstersit
1136 2921 1361 3009 clementer

425 3063 713 3158 sputamenta,
744 3041 1021 3156 iniuriamqne
1058 3041 1243 3128 arridens
1273 3044 1359 3129 ait:

424 3166 521 3247 Iuro
553 3163 743 3276 equidem
773 3162 874 3263 tibi,
899 3163 1106 3264 Nicolae,
1127 3163 1257 3278 patris
1278 3165 1360 3248 mei

427 3313 475 3367 ac
505 3285 645 3372 matris
686 3283 843 3397 pariter
871 3281 1155 3380 maiestatem,
1176 3303 1224 3364 ut
1250 3303 1290 3366 te
1320 3304 1362 3367 et

425 3403 470 3486 in
501 3405 581 3485 hoc
611 3400 817 3518 praesenti
846 3403 1070 3487 certamine
1113 3422 1155 3485 et
1183 3403 1362 3487 Auerna·

426 3521 521 3721 assiae
555 3522 636 3605 telo
667 3538 702 3601 (r,
732 3521 967 3636 superabo!
1001 3521 1111 3606 Hinc
1139 3520 1272 3624 soluta
1300 3545 1361 3606 est

445 3641 632 3723 abulatio.

461 3875 496 3928 (ι)
512 3870 572 3918 God-
589 3883 661 3930 nego.
677 3869 712 3928 (l)
728 3871 765 3916 lta
781 3871 836 3916 eod.
852 3868 912 3931 telo„
