3109 4934
529 573 607 648 SEV
632 573 760 646 LIBER
783 569 830 647 ιι.
1079 575 1143 646 ι33

214 747 244 805 ιι
278 715 490 806 desinente
508 791 510 798 ,
528 721 649 808 Darii
679 721 801 806 nobis
831 717 1038 806 beneficia
1057 751 1144 808 non
1207 732 1211 740 ’
1264 741 1267 747 ’

212 872 240 924 ι)
255 839 429 928 desunt.
460 842 570 927 Nam
602 863 644 926 et
676 845 876 928 Roxanen
910 842 1144 927 Alexander
1236 931 1241 942 ‚

213 991 243 1040 n
274 989 390 1045 suam
420 959 547 1060 feeit,
575 990 749 1075 eamque
782 960 966 1076 coniugis
952 959 1143 1048 honore

210 1107 239 1161 ι)
273 1081 597 1194 dignatumque
623 1081 764 1166 cuncti
792 1083 845 1166 de
876 1081 1034 1196 gratia,
1059 1109 1145 1163 nna

211 1230 242 1279 ι)
272 1229 367 1284 cum
387 1201 476 1284 id·
450 1223 460 1276 <
462 1225 486 1276 ⁶>
504 1201 547 1286 in
567 1229 788 1284 commune
810 1197 1017 1316 proficiat,
1046 1225 1144 1282 con·

212 1348 241 1398 ιι
271 1318 462 1404 fiteamnr
490 1338 551 1403 tn:
590 1349 686 1404 cum
716 1350 813 1434 eos,
848 1319 894 1404 in
928 1347 1034 1433 qnos
1050 1316 1143 1400 do·

213 1469 242 1517 »
272 1441 408 1524 minus
428 1437 564 1524 factus
595 1461 690 1540 est,
714 1439 916 1525 mutuari
945 1437 1144 1554 gandium

216 1589 243 1638 n
276 1589 395 1644 suum
415 1559 607 1644 maluerit
640 1587 765 1693 quam
804 1587 1000 1644 exercere
1031 1577 1069 1632 ι)
1100 1588 1141 1639 ιι.
1180 1564 1184 1574 ’

67 1718 111 1762 n.
113 1715 200 1762 ,ιι
275 1677 417 1762 XLVI.
452 1679 536 1762 Sed
555 1681 608 1763 ad
628 1675 886 1763 eiuscemodi
912 1652 1145 1815 legationes

26 1787 93 1898 1¹:3⁶
89 1784 172 1899 ’,Τ-ζ
134 1794 201 1832 ¹“
216 1796 451 1880 Alexander
474 1801 743 1914 parabatur.
770 1797 920 1912 Neque
954 1796 1144 1882 enimse

216 1915 418 2029 parilibus
456 1947 552 2004 cum
578 1915 670 2004 Diis
689 1917 920 2003 honoribus
939 1943 1145 2027 exaequo·

216 2037 319 2123 hat:
370 2034 472 2149 quin
515 2037 644 2121 immo
692 2036 931 2122 meminisse
981 2063 1147 2148 semper

215 2157 411 2241 mortales
454 2155 604 2240 enimet
641 2179 836 2295 oportere
880 2156 1143 2241 admonebat.

215 2273 512 2377 Nihilominus,
533 2297 578 2360 ut
604 2277 781 2389 quisque
805 2277 851 2360 in
875 2278 980 2363 haec
1012 2267 1147 2358 officia

215 2395 417 2495 venisset,
452 2395 638 2482 laudatos
658 2416 781 2509 atque
809 2397 982 2480 donatos
1011 2395 1147 2478 hono-

215 2514 347 2598 ratius
381 2515 626 2603 dimittebat.
652 2519 798 2628 Itaque
841 2516 955 2630 quod
985 2515 1038 2598 de
1062 2517 1148 2601 Ro·

215 2661 344 2718 xanes
380 2633 533 2749 nuptiis
571 2635 848 2720 consuluisset
891 2663 987 2720 cnm
1015 2653 1147 2718 matre

215 2752 440 2868 participat
459 2753 726 2870 Olympiade,
743 2751 944 2892 iubetqne
963 2751 1009 2837 id
1034 2751 1148 2865 qnod

217 2903 268 2956 ex
297 2873 430 2987 priori
459 2877 618 2989 praeda
651 2873 796 2958 mnndi
825 2873 932 3009 regii
961 2895 995 2950 (ι
971 2869 1150 2956 fuerat

215 2993 467 3107 Rogodnnes
511 3015 634 3108 atque
669 2995 861 3078 Roxanes
913 2990 959 3076 id
1000 2987 1151 3075 referri

220 3113 272 3195 ad
313 3141 382 3198 ens
426 3112 655 3250 protinus
694 3113 806 3198 enim
853 3133 901 3197 ut
934 3103 1152 3195 affluerent

216 3233 430 3346 regalibus
461 3231 620 3346 copiis.
664 3232 724 3316 ιιι
762 3252 908 3316 monet
944 3258 1151 3316 verecun-

219 3352 313 3498 diae
373 3377 538 3464 qnoque
589 3350 930 3466 disciplinaeque
976 3378 1152 3466 graecae

254 3623 470 3713 (etcodidqeod.
482 3629 518 3688 (l)
539 3629 599 3678 cod.
615 3631 723 3696 aurftai.
742 3635 774 3691 (e)
797 3630 858 3698 (204
879 3631 966 3697 reples.

260 3859 302 3930 (ι)
316 3855 430 3932 ,nempe
448 3857 570 3918 molestie
589 3856 709 3928 adficere.
