3109 4934
532 533 609 605 sav
634 533 759 620 tram
783 535 838 604 r.·
889 558 892 563 >
1014 557 1019 574 =
1097 517 1143 635 17

208 710 235 762 u
270 681 366 778 Hi,
417 679 564 791 quibus
607 703 726 797 turpe
778 699 867 766 erat
926 683 1142 770 servienti·

207 833 235 879 »
269 803 345 883 bus
376 828 461 883 non
485 802 727 900 subvenire,
755 803 867 884 enim
886 805 1142 891 nuncetiam

206 919 349 1034 »ipsi
392 921 594 1004 servimus
632 951 672 1003 >›.
716 923 768 1004 Et
813 915 923 1003 haec‘
974 925 1142 1034 quidem
1279 963 1283 968 Α

207 1039 316 1122 dicta
344 1041 626 1151 praesentibus
657 1041 792 1124 edicit.
824 1041 980 1125 Tamen
1011 1043 1045 1125 it
1073 1071 1144 1127 ea·

207 1160 304 1264 dem,
330 1159 401 1241 illa
429 1160 633 1242 sententia
677 1181 717 1241 et
756 1189 834 1275 per
873 1161 1038 1276 singula
1069 1192 1140 1277 op-

203 1279 301 1390 pida
333 1279 631 1390 civitatesque,
661 1298 708 1362 ut
737 1307 822 1362 una
856 1309 953 1363 cum
1002 1281 1141 1366 classi·
1199 1304 1203 1311 ’

203 1399 282 1482 bus
312 1399 384 1498 hi,
415 1400 487 1510 qui
529 1425 737 1482 armorum
769 1399 977 1483 desiderio
1012 1421 1141 1484 tene-

203 1537 371 1618 rentur,
401 1519 453 1600 ad
483 1547 571 1602 sese
615 1520 877 1602 confluerent
918 1519 1064 1632 Igitur,
1093 1543 1140 1606 ut

203 1637 240 1718 si
270 1635 524 1722 incentivum
555 1638 725 1748 aliquod
767 1639 909 1722 divina
938 1667 1041 1724 voce
1071 1641 1137 1723 in·

202 1755 424 1841 tonavisset
444 1785 526 1869 quo
546 1753 706 1841 facilius
728 1758 780 1839 ad
799 1759 1001 1841 eiusmodi
1033 1788 1137 1874 opus

200 1877 336 1960 studia
362 1879 574 1961 hominum
609 1877 945 1975 exardescerent,
975 1875 1032 1960 ita
1061 1905 1136 1964 vo-

201 2015 288 2076 tum
312 2019 599 2108 certamenque
633 2013 722 2078 erat
737 1995 1035 2083 Macedonibus
1054 1999 1133 2081 mi·

202 2117 358 2198 litandi.
378 2118 609 2201 Alexander
630 2114 800 2198 aedibus
820 2117 1024 2213 reseratis,
1041 2121 1132 2230 qui-

201 2236 277 2317 bus
296 2237 458 2321 condita
470 2234 598 2351 patris
614 2263 726 2318 arma
741 2233 933 2319 militaria
946 2233 1132 2321 viseban-

199 2375 288 2453 tur,
320 2356 384 2440 his
406 2386 506 2470 quos
525 2359 701 2440 inermes
723 2355 886 2439 viderat
904 2353 1130 2471 dilargitur.

64 2517 111 2562 n„
113 2517 182 2562 nm
258 2475 367 2559 XIV.
397 2477 475 2561 Sed
505 2474 616 2560 enim
646 2473 820 2588 quisque
840 2503 1020 2590 armiger
1032 2478 1129 2562 Phr

20 2585 156 2698 ffl'ff
103 2587 181 2632 ⁸¹⁶
158 2594 304 2709 lippi
320 2618 450 2680 aetate
469 2595 732 2713 provectior,
752 2593 891 2710 gravis
904 2593 1113 2680 militiae
1089 2613 1129 2678 tt

197 2715 430 2829 laborisque
449 2735 678 2828 pertaesus,
701 2717 882 2828 negabat
900 2743 943 2796 se
966 2712 1128 2800 idoneis

197 2835 410 2920 conatibus
438 2834 545 2933 fore,
576 2850 706 2918 aetate
726 2832 883 2917 scilicet
907 2861 981 2917 sua
1009 2862 1128 2949 prae-

195 2952 377 3038 sentibus
407 2953 650 3068 refragante.
671 2953 737 3034 Ad
753 2954 860 3038 haec
879 2952 1125 3036 Alexander:

197 3075 478 3185 «Equidem,
515 3071 681 3188 inquit,
724 3071 1016 3158 veridicentiae
1056 3072 1126 3155 isti

192 3224 219 3272 »
253 3192 365 3276 testis
397 3196 577 3293 accedo,
617 3219 711 3274 nec·
736 3189 903 3275 labores
937 3209 1123 3291 vestros,

190 3343 218 3393 u
252 3341 355 3423 quos
374 3310 641 3427 praetenditis
653 3338 738 3394 non
750 3311 960 3424 astipulor.
980 3312 1120 3394 Enim·

190 3461 219 3512 »
252 3459 354 3515 vero
373 3431 552 3536 militiae*
564 3431 627 3516 ius
645 3431 848 3514 eiusmodi
871 3461 939 3515 res
956 3453 1017 3516 est
1032 3495 1044 3530 ‚
1059 3431 1120 3516 uti

150 3583 154 3590 ’
190 3581 218 3634 u
256 3549 491 3665 magisterio
522 3549 755 3634 callentium
787 3551 991 3652 ordinata,
1020 3582 1118 3635 mox

228 3807 271 3876 (ι)
283 3803 391 3860 Godtdc
401 3805 426 3863 si
434 3801 552 3862 militiae.
565 3803 737 3862 conferatur
748 3817 844 3862 autem
853 3803 982 3862 Iustinus
994 3819 1041 3936 xtfi
1053 3821 1077 3862 ι.
