3109 4934
431 493 437 502 ’
544 499 622 572 sav
650 501 775 572 mam
798 505 825 572 1.
1130 521 1152 588 7

219 669 266 732 ut
286 645 398 760 quod
427 645 563 762 primo
593 652 817 735 certamine
837 650 1052 735 Nicolaum
1091 645 1155 732 vi-

221 769 361 868 cisset,
392 787 499 854 esset
529 771 610 853 sibi
640 771 929 871 coniecturae,
957 765 1156 882 perfacile

218 889 368 972 multos
400 917 496 974 eum
514 887 691 1003 populos
718 891 970 975 vinciturum
990 907 1049 986 (ι),
1065 888 1158 970 uni·

218 1007 506 1121 versitatisqne
538 1009 722 1094 dominio
750 1008 992 1125 potiturum.

83 1163 109 1179 ··
146 1157 210 1204 ase
253 1193 256 1202 .
283 1129 351 1214 IV.
380 1129 508 1212 Hisce
538 1143 640 1248 ergo
671 1130 811 1214 omine
843 1152 965 1244 atque
1007 1125 1159 1214 laetitia

85 1251 120 1281 ¹²¹²
170 1244 192 1274 “
224 1276 350 1333 ovans
381 1249 580 1365 repatriat
628 1248 925 1338 Macedoniam.
969 1251 1049 1334 Sed
1099 1246 1161 1332 of·

222 1366 351 1453 fendit
393 1366 534 1468 forte,
579 1400 628 1454 ex
658 1369 823 1454 licentia
864 1369 980 1485 regia
1022 1389 1161 1486 spreto

225 1487 421 1602 coningio
452 1487 741 1604 Olympiadis,
772 1489 1012 1613 Philippum
1061 1510 1162 1574 tunc

223 1609 268 1694 in
301 1609 548 1722 Cleopatrae
579 1610 742 1725 nuptias
785 1611 1062 1696 demorantem
1093 1607 1179 1691 ali-⁴

223 1727 441 1815 cuiusdam
484 1758 570 1812 non
613 1727 811 1846 ignobilis
840 1727 949 1814 filiae
982 1747 1031 1814 tet.
1082 1726 1165 1810 Die

224 1849 350 1964 igitur
392 1849 633 1963 nuptiarum
673 1851 835 1936 irruens
882 1849 993 1967 regis
1037 1843 1167 1932 tricli-

156 2025 159 2030 ,
226 1969 343 2052 nium
375 1993 627 2072 coronatus,
665 1971 824 2070 Sume3
873 1969 1008 2082 inquit
1054 1971 1167 2053 hunc

226 2088 437 2204 primunr,
468 2117 493 2172 o
527 2112 671 2207 pater,
693 2089 847 2175 laboris
864 2089 949 2174 mei
967 2088 1167 2174 fractum:

227 2229 271 2292 et
300 2213 384 2292 unt
406 2231 442 2286 to
455 2237 652 2296 coronam
679 2209 724 2295 in
742 2211 872 2327 patris
893 2231 1016 2328 caput
1038 2231 1170 2294 trans·

231 2327 333 2412 tulit.
403 2331 520 2415 Tunc
555 2331 729 2431 adiecit,
780 2329 954 2414 Gaudeo
1002 2328 1169 2442 quidem

235 2447 349 2564 quod
377 2448 424 2532 in
460 2451 666 2564 praesenti
710 2448 949 2536 laetamini:
994 2470 1035 2534 et
1090 2477 1169 2562 ego

233 2595 329 2652 cum
370 2590 545 2656 matrem
608 2571 696 2658 aliis
750 2571 960 2686 regalibus
1010 2568 1170 2681 'nuptiis

233 2689 500 2805 coniugam,
563 2719 641 2776 vos
698 2719 864 2812 qttoque
911 2688 1171 2806 participabo

236 2808 450 2896 convivio:
492 2831 534 2894 et
563 2842 648 2897 una
681 2835 780 2930 cum¹
810 2810 928 2896 dictis
970 2806 1176 2894 adversim

268 3105 306 3158 te>
324 3103 384 3151 ced.
411 3119 488 3152 mn.

273 3337 317 3405 (r)
339 3331 384 3387 Ite
403 3328 468 3386 cod.
490 3330 664 3386 vincientes.
688 3325 864 3386 Vinciturute
883 3321 973 3377 hebet
990 3321 1060 3373 item
1078 3313 1181 3372 Petro-

236 3413 302 3467 nius
320 3411 420 3486 frages.
442 3411 557 3482 Preger.
578 3423 642 3477 cep.
657 3415 729 3458 w.
756 3399 807 3456 Eet
826 3411 923 3454 eutem
942 3394 1125 3469 cogitandum
1144 3394 1182 3450 de

237 3487 414 3562 etymologia
431 3487 512 3540 vocis
534 3483 686 3548 Nicoleue,
706 3497 810 3550 nempe
829 3479 914 3536 eitam
927 3474 1035 3555 popull-
1155 3548 1164 3565 ·

277 3571 320 3638 (a)
341 3563 515 3633 Cleopatrae
535 3562 704 3616 notissimae
726 3567 770 3610 eet
793 3555 936 3627 patruelis
967 3548 1104 3620 attelae,
1135 3567 1182 3604 err

239 3643 357 3700 bellicis
378 3639 480 3694 studii·
501 3639 622 3706 clerus,
643 3632 859 3706 poet'Philippi
878 3647 976 3686 necem
996 3631 1077 3686 iaetu
1109 3627 1184 3682 Ale-

243 3719 348 3776 xeadri
368 3733 523 3788 oppressus
549 3717 578 3770 in
606 3715 678 3770 Acie
708 3713 746 3766 ob
776 3709 1005 3782 praecavendam
1036 3705 1183 3761 exercitae

244 3795 426 3854 macedonici
446 3795 625 3852 seditionem.
650 3787 726 3848 vide
746 3787 906 3844 Diodorum
925 3786 1050 3842 siculum
1062 3779 1183 3860 πηῷ.

245 3889 318 3932 xvn.
339 3871 366 3930 5.
