3109 4934
408 511 453 580 60
661 505 917 578 ALEXANDRI
939 503 1082 579 onrvs

405 687 433 736 >›
465 651 775 766 subiectumque
796 675 837 738 te
856 651 1014 740 viribus
1028 651 1134 739 meis
1154 679 1337 740 annuum

404 807 431 854 ›>
464 774 574 858 istud
617 775 720 858 mihi
749 771 837 860 fore
865 773 1044 893 pretium
1078 773 1269 860 servituti
1300 797 1336 874 <o

406 925 434 974 t>
465 895 744 1008 depensurum
763 927 805 978 u.

463 1015 645 1102 XLVIII.
676 1017 752 1099 His
782 1013 906 1130 igitur
939 1010 1084 1098 litteris
1113 1012 1249 1127 palam
1278 1011 1337 1094 le-

404 1135 478 1219 'ctis
509 1157 630 1247 atque
661 1135 862 1250 signatis,
891 1133 1027 1219 redire
1061 1131 1335 1218 internuntios

321 1363 323 1368 ι
401 1255 528 1339 iubet
558 1257 650 1368 Ipse
681 1276 818 1338 autem
832 1273 868 1330 (υ
883 1252 996 1338 omui
1016 1281 1113 1336 mox
1132 1254 1249 1366 Syria
1269 1283 1336 1338 su-

401 1393 543 1487 perata
572 1403 620 1458 ac
650 1375 825 1460 redactis
855 1373 943 1458 eius
974 1373 1166 1488 gentibus
1186 1373 1231 1457 in
1259 1403 1337 1486 po·

345 1513 362 1542 ⁸
401 1513 611 1595 testatem,
642 1493 695 1577 ad
716 1495 854 1578 Asiam
873 1493 935 1578 ire
955 1492 1175 1578 contendit
1195 1493 1334 1576 Enim·

400 1642 502 1696 vero
551 1613 729 1727 acceptis
780 1613 1003 1698 Alexandri
1059 1611 1205 1698 litteris
1261 1641 1335 1694 rex

399 1733 584 1834 Darius,
615 1735 755 1846 eisque
798 1733 963 1850 gravius
994 1754 1037 1816 et
1077 1732 1335 1846 arrogantius

400 1875 569 1954 motus,
599 1855 652 1936 ad
680 1875 862 1971 satrapas
891 1883 987 1939 suos
1016 1853 1125 1938 ultra
1152 1855 1336 1940 Taurum

400 1993 588 2088 regentes
634 1976 758 2059 talem
809 1973 1103 2059 continentiam
1152 1971 1335 2056 scribite

266 2124 384 2172 „aaa
405 2123 433 2172 <t
460 2093 702 2178 Nuntiatum
732 2095 811 2179 sibi
840 2096 1120 2182 Alexandrum
1154 2091 1337 2206 Philippi

247 2205 303 2308 ⁸⁸..¹‚
347 2213 386 2242 ‘⁸'
402 2245 429 2294 u
460 2213 729 2300 insanientem
770 2216 992 2298 admodum
1033 2213 1336 2298 adolescentem

400 2365 427 2414 u
461 2333 599 2418 Asiam
614 2334 903 2418 incursantem.
915 2334 1045 2450 Igitur
1058 2335 1150 2418 illos
1157 2347 1191 2414 (c)
1209 2331 1336 2446 oporss

401 2485 429 2534 »
459 2473 547 2538 tere
578 2481 672 2536 eum
702 2455 888 2568 protinus
921 2454 1133 2540 obviantes
1156 2481 1334 2566 conper-

401 2605 428 2654 ›>
458 2595 545 2658 tum
577 2575 629 2657 ad
659 2603 748 2658 sese
767 2573 971 2691 dirigere:
1002 2603 1092 2658 esse
1113 2573 1227 2660 enirn
1244 2569 1335 2686 regi

398 2726 427 2775 u
459 2692 707 2794 consilium,
758 2694 819 2776 uti
863 2693 1046 2780 adlectus
1091 2692 1335 2778 verberibus

401 2847 428 2896 u
457 2813 684 2928 puerilibus
712 2815 965 2929 amictusque
985 2834 1079 2929 post
1096 2835 1210 2900 veste
1229 2841 1331 2926 pur·

400 2969 427 3018 >³
456 2963 587 3050 purea
632 2963 728 3018 cum
776 2936 938 3020 tabellis
985 2956 1028 3019 et
1073 2930 1333 3049 crepitaculis

399 3089 426 3138 n
460 3056 580 3140 matri
598 3057 816 3140 reddatur:
837 3055 895 3141 sic
916 3052 1027 3138 enim
1053 3056 1332 3138 Macedonum

402 3210 428 3257 »
458 3206 610 3288 pueros
639 3175 815 3260 lusitare.
847 3177 954 3260 Tum
1009 3172 1097 3258 fore
1146 3195 1193 3259 ut
1234 3203 1332 3257 cum

403 3329 429 3375 n
460 3296 519 3379 illi
548 3294 781 3406 praelectus
817 3297 870 3382 ad
916 3293 1220 3378 observantiam
1268 3293 1331 3394 di·

401 3447 428 3494 >›
461 3415 657 3524 sciplinae
688 3417 815 3500 Persa
851 3415 997 3526 aliquis
1034 3413 1332 3510 comitaretur,

399 3564 428 3614 n
460 3531 579 3616 virile
609 3529 973 3652 officium-rectius·
982 3533 1170 3618 disceret
1200 3533 1331 3646 Igitur

434 3813 469 3866 (ι)
486 3809 523 3855 Its
540 3810 594 3855 eod.
603 3809 710 3856 servituti.
728 3810 762 3870 (l)
779 3809 841 3860 God-
856 3819 939 3858 m
963 3814 999 3869 (e)
1014 3811 1074 3860 cod·
1090 3825 1114 3859 te
1128 3824 1184 3858 m
1199 3809 1292 3870 uem,
