3109 4934
545 475 625 600 sav
649 527 775 599 Lrnnn
799 529 861 599 111.
1104 535 1168 628 139

237 679 522 768 Alexandrum
553 707 648 762 cnm
672 678 821 763 litteris
845 676 1042 794 miserat,
1071 709 1171 795 qua·

241 833 334 887 rum
365 797 582 884 sententia.
612 799 718 881 haec
758 819 856 882 erat
886 831 915 880 «
944 803 1075 904 Porus
1094 831 1171 888 rex

243 919 535 1004 »Alexandro
575 917 679 1028 di'cit
706 917 825 1001 haec.
854 921 1088 1005 Incursanti
1100 922 1168 1006 in·

239 1075 268 1126 >s
297 1036 543 1150 festantique
595 1030 674 1122 tibi
721 1035 827 1125 fines
871 1067 924 1126 an
979 1038 1167 1130 civitates

237 1191 265 1243 >r
298 1187 412 1246 meas
441 1158 627 1258 mando,
662 1157 927 1258 Alexander,
969 1159 1167 1272 dicoque,

237 1312 265 1364 >r
299 1281 361 1364 nti
412 1307 507 1364 cum
542 1300 584 1362 te
627 1276 840 1362 hominem
890 1278 1166 1381 memineris,

238 1431 266 1483 >r
287 1399 404 1488 nihil
435 1399 489 1483 ad
517 1403 632 1486 Deos
667 1396 941 1483 inconsultius
982 1399 1165 1487 moliare.

238 1553 268 1606 r>
297 1521 446 1632 Neque
479 1517 590 1602 'enim
619 1545 799 1634 urguere
830 1538 872 1603 te
915 1520 1069 1604 debent
1113 1522 1166 1606 ad

240 1671 268 1722 >›
301 1669 400 1724 ausa
441 1637 663 1722 temeraria
712 1635 902 1724 fortunae
949 1638 1166 1726 hominum

240 1758 627 1858 »inbecilliorem
656 1759 901 1872 hortarique
946 1757 1009 1843 uti
1038 1761 1165 1846 Indos

239 1909 268 1959 >2
296 1878 510 1981 incessas,
540 1879 653 1992 quod
687 1877 765 1964 tibi
792 1875 918 1962 fuerit
946 1878 992 1964 in
1019 1881 1166 1966 Persas

239 2029 268 2080 >r
296 1996 462 2084 fortuna
509 1997 747 2113 proclivior.
807 1999 904 2084 Non
954 1997 1066 2084 enim
1121 2019 1164 2082 te

240 2150 268 2198 >›
299 2147 352 2204 ex
401 2149 452 2205 eo
502 2116 637 2206 iuvari
684 2119 916 2234 speraverit
944 2139 980 2194 ω
1032 2117 1164 2206 virtus

238 2269 267 2323 »
296 2259 400 2337 tna,
450 2269 545 2354 cum
588 2239 771 2355 primum
820 2238 952 2325 nostri
1001 2240 1164 2351 ceperis

235 2389 264 2442 >r
298 2361 635 2474 experimentum,
666 2365 784 2447 Patet
831 2359 989 2473 quippe
1032 2358 1164 2444 cuivis

237 2509 266 2560 »
295 2507 418 2566 nosse
463 2481 557 2594 quis
586 2479 654 2566 ille
676 2481 766 2566 sim
832 2507 960 2580 orus,
990 2497 1034 2560 et
1061 2477 1165 2565 nulli

232 2627 263 2684 >s
296 2601 516 2687 adversum
546 2629 622 2686 nos
659 2596 825 2686 licuerit
858 2628 911 2682 ex
953 2595 1163 2682 fortitudi-

231 2749 265 2800 ro
294 2749 355 2802 ne.
384 2735 430 2802 to.
462 2719 631 2837 Quippe
679 2748 766 2804 non
814 2719 1006 2805 homines
1035 2717 1161 2802 modo

233 2840 596 2926 »verumetiam
634 2840 751 2926 Deos
785 2837 945 2925 viribus
981 2839 1161 2924 anteste-

234 2989 264 3042 »
292 2985 417 3059 mus,
446 2963 597 3074 quibus
626 2961 734 3047 Diis·
748 2955 1009 3045 inefficacem
1039 2957 1163 3046 auda·

234 3110 262 3159 »
293 3075 401 3166 ciam
441 3077 569 3166 luisse
621 3071 840 3166 adversum
880 3109 984 3179 nos,
1033 3079 1163 3162 docn·
1219 3139 1223 3146 -

232 3230 261 3280 >s
291 3219 430 3285 menta
461 3207 556 3284 sunt
585 3200 872 3315 antiquissima
913 3201 981 3286 vel
1010 3218 1159 3286 vestra.

231 3348 260 3402 »
295 3319 463 3432 Quippe
507 3349 602 3406 cum
649 3319 766 3428 illum
794 3317 931 3436 ipsum
964 3321 1162 3404 liberum

233 3469 262 3519 >r
291 3458 504 3538 vestrum,
524 3440 598 3554 qui
632 3443 741 3554 apud
769 3471 845 3527 vos
874 3444 990 3527 Deus
1021 3437 1162 3523 existi·

233 3587 270 3683 '’‚
291 3569 466 3660 metur,¹
479 3581 636 3646 temere
657 3561 700 3644 in
720 3562 828 3645 haec
846 3560 1160 3675 irrumpentem,

263 3835 298 3898 (a)
318 3836 377 3884 cod.
396 3849 439 3886 m
452 3839 580 3901 perman
597 3839 632 3898 (l)
649 3841 687 3890 lta
705 3845 760 3892 rod.
