3109 4934
579 515 826 592 PRAEFATIO
1146 541 1172 592 v

248 664 292 734 ud
316 661 451 760 Urbenr
474 651 751 754 populabundus
774 649 1059 757 procurentur.
1084 663 1174 753 Quis

246 775 333 853 ergo
350 755 615 835 Alexandrum,
641 759 700 824 oui
715 779 791 826 nou
804 756 957 849 Epirus,
981 755 1046 826 aed
1062 759 1174 827 Grae·

244 855 302 920 oia
313 851 453 930 omnio,
470 849 579 916 immo
594 849 715 918 orieuo
728 849 916 922 universae
932 867 1041 943 arque
1056 855 1173 946 Aegy-

106 999 111 1020 .
243 962 327 1036 ptua
343 941 744 1034 militabant,Capirolio
766 937 970 1011 avertisset?
985 943 1074 1012 Nam
1091 967 1174 1013 cum

244 1037 362 1106 omnia
398 1035 486 1104 belli
521 1035 677 1104 lelicitae
712 1055 768 1104 ert
801 1055 931 1104 uatura
955 1037 1114 1106 insolens
1137 1055 1175 1106 et

109 1159 112 1168 ·
244 1127 427 1221 cupatha,
466 1127 549 1222 quie
582 1127 826 1196 Alexandrum
864 1146 918 1196 tot
940 1130 1175 1199 uictoriarum

104 1213 109 1253 ⁷
244 1223 435 1290 ferocitate
468 1221 728 1292 inflammatum
762 1220 932 1291 inhibere
971 1219 1174 1317 potuiaaer?

243 1315 455 1386 Praesertim
481 1338 591 1410 quum
618 1313 686 1384 etri
701 1315 765 1384 ille
781 1313 982 1384 abundaret
1006 1315 1173 1397 audacia,

243 1431 317 1478 non
354 1427 473 1476 tamen
508 1408 661 1477 oonsilio
695 1408 843 1478 interim
877 1432 946 1476 nec
981 1409 1174 1503 prudentia

243 1499 480 1584 deficeretur,
516 1503 556 1572 iu
580 1525 697 1594 eoque
729 1502 842 1570 fuerit
866 1503 998 1570 eximia
1022 1503 1177 1572 orientia

240 1593 353 1678 belli,
371 1594 569 1664 clarissima
582 1595 794 1676 auotoritaa,
810 1594 987 1664 divinitus
1004 1594 1174 1666 adiuuere

241 1687 399 1757 fortuna.
422 1690 532 1757 Porro
557 1707 594 1756 et
616 1688 755 1758 romani
781 1691 1035 1780 imperatorer,
1065 1691 1174 1784 longe

242 1773 300 1869 (ut
317 1782 344 1848 ii
360 1780 448 1850 mibi
466 1780 611 1875 quidem
628 1780 812 1866 videntur)
829 1780 875 1848 ab
892 1781 1091 1851 Alexandri
1116 1804 1176 1850 oe·

241 1873 412 1943 lebritare
436 1873 608 1944 disiuncti
643 1894 747 1957 auur,
772 1898 925 1966 qnorum
955 1877 987 1944 ei
1012 1875 1072 1944 vel
1097 1897 1176 1942 our-

244 1968 346 2035 uiam
357 1971 512 2036 virtutes
528 1969 734 2064 gloriasque
749 1969 911 2063 colligar,
924 1967 1037 2037 iidem
1051 1985 1175 2036 romeu

245 2058 440 2128 Alexandri
466 2059 595 2128 lamam
614 2082 820 2154 exaequare
838 2061 902 2129 vix
922 2080 1068 2155 queant.
1093 2063 1175 2153 lpae

98 2205 101 2212 ,
245 2151 400 2234 Caesar,
424 2175 531 2246 quern
555 2177 664 2222 uuum
689 2153 893 2222 Alexandro
920 2158 1036 2248 poraie
1060 2178 1177 2249 oppo-

237 2259 356 2329 n'ere,
392 2249 528 2338 quique
562 2247 640 2314 eiua
664 2247 841 2338 exemplis
870 2248 1063 2339 plurimum
1093 2271 1178 2317 ruo·

73 2323 77 2332 ¹
104 2413 108 2420 ,
244 2359 372 2406 censue
388 2349 504 2422 estol,
530 2357 664 2433 quanto
689 2339 883 2408 intervallo
908 2339 954 2408 ab
970 2364 1015 2410 eo
1036 2339 1174 2410 differt!

246 2431 389 2539 Quippe
413 2454 601 2501 romanum
625 2434 817 2526 imperium
851 2433 980 2503 Ceeear
1004 2459 1078 2503 uon
1102 2450 1177 2503 tam

120 2524 122 2532 ’
243 2542 344 2594 auxit
366 2549 472 2619 quarn
498 2545 574 2594 arro
592 2543 635 2606 ¹et
658 2528 757 2596 cirili
782 2526 879 2596 bello
912 2529 952 2596 in
982 2531 1038 2596 aui
1062 2527 1195 2596 ditio-0

242 2641 326 2686 uena
342 2618 503 2716 redegit3
528 2620 729 2690 Alexander
746 2643 766 2689 e
783 2620 1019 2690 Macedoniae
1040 2620 1174 2718 angulo

242 2733 428 2820 emergens
453 2711 689 2809 orbia'prope
727 2714 913 2798 uuiverri‚
945 2717 1072 2806 paucio
1104 2713 1174 2781 etei

107 2859 112 2892 ς
240 2827 406 2876 maxrmre
430 2806 604 2897 proeliis,
630 2826 860 2906 regnatorem
886 2831 925 2876 oe
948 2809 1060 2875 fecit:
1095 2824 1176 2874 tan·
1266 2825 1271 2833 ·

108 2899 112 2910 '
226 2915 391 2993 -ruurque
414 2901 607 2993 imperium
626 2903 834 2983 constituit,
856 2919 898 2969 nt
912 2925 959 2970 ex
972 2903 1053 2969 eine
1069 2898 1176 2967 deiu-

242 3015 329 3084 cepa
365 2994 563 3090 aegmeurio
623 2992 754 3062 lorima
790 3011 827 3063 et
850 2993 1028 3063 latioeinra
1058 3013 1175 3154 repon

242 3105 441 3182 propagata
466 3089 551 3156 einr.
599 3109 713 3194 'eque
744 3084 954 3156 Alexander
977 3109 1018 3154 re
1041 3083 1103 3154 bel
1118 3086 1178 3154 iou

103 3191 107 3228 2
244 3177 388 3258 aulum,
431 3179 495 3247 aed
530 3201 635 3248 varro
670 3183 818 3249 virturis
863 3201 998 3276 genere
1038 3177 1175 3249 floruit.

243 3271 386 3360 Quanta
401 3271 624 3343 coutinentia
640 3273 672 3340 ia
694 3273 781 3340 fuit!
806 3290 941 3366 quauta
956 3270 1043 3342 fidel
1061 3296 1177 3368 quan·

242 3383 281 3432 ta
297 3365 335 3431 in
348 3364 463 3434 Deum
477 3365 673 3464 religione!
702 3363 854 3436 Matrem
877 3367 1013 3458 pietate
1038 3388 1178 3436 rumora

242 3455 394 3544 dilexit,
418 3457 777 3554 doriiaqne·maximia
795 3457 1008 3546 bonoravit,
1023 3461 1185 3554 eiusque.

242 3570 376 3619 nomen
411 3553 551 3624 eunctis
584 3554 749 3654 epiatolio
783 3575 1011 3647 praeponere
1047 3556 1176 3624 rolirue

281 3731 325 3798 (ι)
345 3727 421 3786 Livii
440 3729 570 3804 Epiruma
589 3732 661 3790 libri
681 3745 749 3788 zur.

280 3807 324 3880 (a)
342 3805 491 3866 Sreroniua
511 3809 542 3866 iu
563 3811 677 3868 cerem
696 3827 761 3882 oap-
782 3823 835 3870 ru.
