3109 4934
383 532 448 620 ιιι
621 521 1060 600 iurxauou1oa1rvs

377 680 431 764 ad
475 677 602 764 vitam
631 675 827 791 temporis
856 675 1176 777 blandimento,
1215 675 1310 776 vel,
1356 707 1362 715 ·

377 799 414 884 si
455 795 513 882 ito
542 795 735 894 mavelit,
764 795 915 882 iniusta
945 794 1132 880 audacia.
1172 797 1311 900 Quae·

374 917 431 1002 rit
474 915 621 1014 edom,
662 939 855 1002 utrumne
887 913 975 1000 dies
1011 945 1066 999 an
1095 941 1197 1002 vero
1227 945 1311 1002 nox

376 1037 492 1152 prius
541 1035 759 1124 constituta
809 1034 1060 1149 putaretur?
1106 1035 1309 1148 Nihilque

378 1177 641 1256 cunctantes,
672 1176 838 1240 noctem
865 1154 1049 1268 priorem
1068 1156 1215 1238 ordino
1232 1184 1311 1269 po·

377 1305 524 1362 suere:
570 1305 664 1362 cum
709 1275 846 1359 omnia
889 1305 1056 1394 quoque
1106 1297 1308 1391 concepta

376 1393 544 1484 vivendi
574 1391 804 1508 auspicium
833 1395 879 1482 in
914 1395 1095 1479 tenebris
1133 1395 1309 1480 sortian-

376 1537 468 1601 tur:
491 1535 586 1632 post
602 1543 704 1602 vero
723 1533 820 1602 nata
837 1514 882 1600 in
900 1513 1005 1600 lucis
1025 1515 1158 1629 spatia
1176 1533 1308 1600 tram

377 1635 612 1750 migrarent

311 1843 315 1851 ,
435 1759 527 1842 XX.
556 1752 699 1869 Pergit
728 1753 907 1869 denique
951 1753 1186 1854 sciscitari,
1216 1754 1307 1841 cui-

376 1905 474 1960 nam
498 1874 664 1960 mentiri
697 1874 912 1960 hominem
943 1903 1030 1958 non
1069 1873 1307 1990 oporteret?

374 1999 633 2110 Responsum
661 2014 747 2094 est,
777 1999 898 2093 Deo,
933 1995 1047 2109 quod
1076 1994 1215 2080 omnia
1243 1993 1306 2079 vi·

376 2117 476 2200 dens
491 2115 558 2200 ille
571 2115 625 2202 sit
640 2135 760 2228 atque
775 2113 959 2200 omnium
974 2114 1120 2202 sciens.
1133 2115 1309 2218 Quaerit

376 2237 518 2336 etiam,
538 2263 738 2351 quosnam
766 2235 812 2318 in
830 2234 998 2322 homine
1017 2255 1154 2350 partes
1172 2236 1308 2321 hono·

288 2393 292 2402 ¹
373 2357 545 2442 ratiores
575 2385 666 2442 esse
687 2353 997 2440 existimarent?
1025 2357 1184 2442 Laevos
1215 2385 1308 2440 esse

374 2505 619 2590 responsum
660 2495 744 2575 est,
776 2477 890 2590 quod
919 2478 981 2560 sol
1011 2476 1137 2562 etiam
1167 2473 1305 2563 oriens

374 2627 426 2682 ex
453 2597 574 2689 laevo
604 2598 865 2682 dextrorsum
906 2595 1160 2682 curriculum
1189 2623 1306 2680 exse·

376 2738 539 2832 quatur:
565 2735 662 2800 tunc
683 2729 718 2796 (⁸)
741 2718 855 2830 quod
873 2715 1094 2830 promixtio
1124 2715 1307 2802 maribus
1337 2745 1341 2751 ’

375 2868 423 2923 ac
437 2835 599 2922 feminis
612 2839 825 2922 larvarum
839 2866 961 2952 mage
974 2837 1155 2953 partium
1168 2833 1307 2922 existi·

373 2979 521 3058 metor,
536 2979 578 3041 et
588 2959 790 3044 laetorum
802 2976 836 3033 ι’)
851 2954 1051 3042 feminam
1068 2957 1176 3044 laevi
1194 2959 1308 3040 ube-

374 3079 432 3163 ris
450 3081 632 3192 primum
653 3076 848 3162 alimenta
860 3100 1090 3192 praestare,
1108 3082 1306 3188 Deosque

372 3197 501 3282 laevis
521 3199 704 3284 humeris
720 3196 919 3313 religione
939 3197 1108 3314 gestari,
1127 3219 1170 3281 et
1187 3223 1307 3309 reges

373 3316 485 3430 ipsos
515 3317 666 3403 indicia
688 3318 897 3432 dignitatis
918 3322 1056 3406 laevas
1082 3315 1303 3433 praeferre.

375 3437 564 3549 Cumque
586 3459 679 3552 post
706 3441 810 3524 haec
840 3460 883 3522 et
911 3439 1012 3554 quid
1040 3437 1122 3522 sihi
1152 3467 1177 3522 a
1204 3463 1304 3546 rege

373 3554 525 3638 vellent
554 3557 721 3668 largiter
750 3558 1042 3670 polliceretur,
1081 3553 1307 3640 inmortali·

249 3746 260 3754 .
373 3695 499 3759 tatem
542 3677 713 3760 consoni
753 3707 990 3794 poposcere.
1023 3679 1106 3761 Sed
1135 3677 1178 3759 id
1208 3703 1304 3759 cum

275 3907 279 3918 ·
410 3901 445 3959 (ι)
463 3901 499 3946 lta
516 3902 572 3948 cod·
589 3911 643 3946 ιιιιιι
660 3915 706 3960 pra
724 3912 781 3948 ιιιιι.
798 3902 831 3962 (ὃ)
848 3901 997 3957 Natalem,
1014 3917 1078 3950 om
1084 3902 1176 3966 plurali
1187 3915 1298 3948 amoro.
