3109 4934
550 529 629 603 snt
653 529 782 602 LIBER
807 531 836 601 l.
1109 537 1152 608 51

223 677 457 768 Alexander
476 697 611 763 tamen
632 709 725 766 cum
756 677 972 765 admolitus
1000 681 1161 768 violen-

226 802 326 888 tiam
355 798 551 914 oppidnm
578 821 749 914 cuperet
774 798 1015 913 subiugare,
1045 802 1159 888 suci·

224 922 303 1037 piti
330 919 517 1034 proelio,
554 919 691 1010 multis
728 919 851 1003 etiam
885 920 1161 1010 Macedonum

226 1041 354 1126 caesis
375 1069 422 1123 ac
443 1039 666 1126 vulneratis
691 1041 844 1152 pedem
873 1039 1009 1125 refert.
1039 1042 1161 1131 Prae·

224 1183 288 1245 ter
335 1160 434 1244 illud
479 1159 604 1274 igitur
652 1158 767 1272 prius
818 1159 1161 1276 magnanimitatis

218 1285 322 1366 ¹snae
365 1279 544 1365 studium
586 1279 668 1364 iam
710 1279 834 1363 etiam
879 1279 1161 1397 indignatione

223 1397 447 1486 ferventior
482 1398 687 1484 excidium
724 1397 860 1513 Tyriis
895 1401 1159 1486 minabatur:

226 1523 358 1634 deque
395 1549 445 1604 ea
486 1550 532 1604 re
574 1517 749 1607 somniat
788 1519 949 1606 moneri
987 1551 1075 1608 sese
1105 1551 1159 1608 ne

224 1639 470 1776 legationem
491 1663 525 1718 ιιι
544 1641 608 1724 sui
631 1641 787 1754 Tyrum
806 1669 881 1753 per
899 1668 990 1728 sese
1011 1638 1158 1728 faciat:
1193 1725 1197 1730 .

224 1759 270 1843 id
299 1759 409 1844 enim
440 1760 579 1847 animo
594 1759 955 1898 praedestinabat.

288 1880 373 1964 XL
403 1879 579 1966 Missis
567 1880 693 1996 rgitur
719 1879 978 1974 internuntiis
1004 1879 1158 1969 litteras

44 1953 103 2148 ΥΞ
57 2033 153 2068 ιιιιιιι
107 1949 298 2137 :niidat
327 1997 461 2116 Tyriis
494 1998 791 2112 perferendas,
840 2029 1014 2113 quarum
1061 2028 1156 2084 sen·

225 2118 352 2204 tentia
386 2121 489 2204 haec
520 2141 591 2206 est
624 2151 670 2202 ‚u
699 2119 973 2206 Macedonum
1002 2117 1156 2202 rexfi-

224 2273 251 2322 ιι
286 2238 363 2324 lius
393 2241 636 2326 Hammonis
667 2237 958 2353 Philippique,
985 2268 1060 2322 rex
1088 2267 1155 2327 re·

225 2393 252 2442 ιι
283 2389 380 2476 gum
424 2359 625 2446 maximus
667 2361 788 2446 Asiae
839 2388 916 2444 seu
967 2360 1155 2472 Europae

225 2511 253 2563 ιι
284 2481 350 2566 vel
378 2479 563 2594 Libyae,
592 2480 726 2595 Tyriis
757 2482 861 2565 haec
891 2477 999 2564 dicit
1030 2479 1156 2594 Equi·

225 2633 253 2682 ιι
283 2600 378 2685 dem
407 2628 602 2715 graecum
632 2622 673 2684 et
700 2599 920 2739 imperiale
940 2599 1156 2694 videbatur

222 2752 251 2803 ιι
286 2750 380 2805 cum
409 2719 626 2805 clementia
655 2720 809 2832 puriter
838 2750 887 2807 ac
908 2718 1061 2806 iustitis
1089 2717 1155 2803 in·

222 2873 251 2922 ιι
282 2840 380 2926 vehi
413 2844 561 2926 urbem
589 2857 778 2927 vestram.
830 2841 886 2924 lt
928 2839 1040 2924 enim
1080 2866 1164 2951 vos·

220 2991 251 3042 ιι
281 2959 404 3075 primi
453 2959 638 3046 omnium
685 2957 875 3050 extitistis
930 2955 1004 3070 qui
1051 2955 1155 3044 mibi

222 3112 250 3163 ιι
284 3080 524 3165 insolentius
589 3078 839 3166 obviaretis.
889 3076 1022 3214 Igitur
1079 3105 1155 3191 per

223 3232 250 3282 ιι
280 3230 356 3287 vos
392 3199 537 3286 ceteris
566 3199 693 3284 etiam
735 3197 1018 3314 magisterium
1057 3223 1155 3310 pro-

219 3351 247 3401 ιι
282 3317 524 3420 curabitur,
561 3317 662 3432 quid
696 3317 846 3405 virium
880 3316 934 3402 sit
972 3316 1018 3400 in
1063 3317 1153 3398 Ma-

162 3503 165 3508 ,
223 3471 250 3521 ιι
282 3439 485 3522 cedonum
516 3437 692 3522 dexteris
723 3469 771 3522 ac
792 3435 1039 3523 fortitudine.
1069 3435 1153 3522 Ne-

223 3591 252 3642 »
283 3587 364 3670 que
393 3557 503 3642 enim
550 3581 623 3644 vos
664 3557 824 3644 iuvabit
867 3557 995 3642 oracli
1042 3553 1150 3642 illius

257 3843 294 3898 (a)
308 3839 367 3888 eon
383 3837 500 3904 lantiunt·
631 3901 634 3906 Ι
