3109 4934
511 551 516 597 τ
581 543 659 614 sav
682 543 811 616 amaa
835 543 864 614 1.
1141 547 1189 634 ,a

259 729 287 777 »
320 686 622 778 sacrificantem
644 714 686 777 te
705 723 802 778 cum
821 689 1001 806 primum
1019 710 1111 774 exta
1129 720 1194 774 sa-

259 843 286 896 s
324 814 404 898 cris
434 811 671 911 inveheres,
701 812 826 900 totius
854 808 1001 896 mundi
1030 810 1194 896 orbisve

258 967 286 1016 >r
321 931 490 1017 domino
532 932 787 1031 sacravisse,
832 933 1001 1042 eiusque
1043 929 1195 1016 auxilia

257 1085 285 1136 r>
319 1051 549 1167 petivisse?
599 1055 716 1156 Quae
766 1081 861 1136 oum
910 1053 1044 1135 dicata
1090 1049 1195 1136 mihi

257 1205 285 1256 »
318 1175 468 1256 merito
499 1201 664 1286 quoque
694 1174 777 1258 sint
795 1170 839 1282 in
859 1170 995 1255 meam
1025 1197 1139 1280 aram
1159 1192 1193 1246 ro

256 1327 284 1376 r>
318 1313 574 1392 transvecta,
607 1287 708 1404 quid
734 1285 980 1379 dubitationi
999 1289 1193 1385 relietum

256 1443 283 1498 >r
318 1434 437 1511 erat,
467 1413 569 1524 quin
601 1442 694 1496 eum
724 1441 792 1498 me
822 1413 1038 1509 crederes,
1068 1439 1193 1522 quem

260 1567 287 1616 >r
321 1532 601 1617 auxiliatorem
661 1532 737 1616 tibi
789 1532 1061 1648 religionibus
1095 1559 1193 1646 cap·

260 1686 287 1735 >r
318 1675 442 1758 tusses
474 1670 507 1725 (ὃ)
537 1653 603 1740 »i

135 1825 166 1871 n
168 1841 243 1870 sssss
319 1773 511 1859 XXXIII.
541 1775 606 1858 Ad
636 1773 740 1858 haec
772 1773 1008 1858 Alexandro
1039 1771 1103 1854 de«
1120 1797 1192 1854 Ur·-

60 1893 243 2008 ‘¹'³¹‘,J,22’‡
259 1893 324 1976 b'is
344 1913 376 1967 ‹r›
394 1892 664 2007 perpetuitate
692 1893 930 2006 quaerenti,
961 1912 1003 1975 et
1031 1920 1086 1974 an
1115 1919 1192 1972 uo·

260 2013 381 2098 minis
401 2015 466 2098 sui
484 2015 702 2100 inhaesuro
726 2013 946 2130 appellatio
964 2011 1191 2110 videretur,

258 2133 368 2218 visus
399 2153 461 2218 est
501 2137 616 2220 Deus
657 2163 784 2220 manu
825 2163 916 2220 sese
960 2135 1191 2248 apprehen·

259 2255 400 2354 disse,
431 2253 609 2366 exinquo
653 2258 705 2338 ad
745 2253 901 2339 editum
953 2253 1189 2364 celsumque

259 2376 483 2458 admodum·
509 2393 693 2459 montem
722 2407 807 2460 una
844 2373 1036 2477 duxisse,
1067 2395 1189 2488 atque
1292 2415 1297 2423 ·

59 1963 125 2007 latio

255 2493 413 2578 ibidem
462 2495 702 2582 consistenti
731 2499 990 2606 «Potesne,
1040 2495 1130 2594 ait,
1162 2521 1188 2575 o

258 2612 538 2700 »fortissime
588 2618 739 2701 molem
789 2619 896 2701 lianc
943 2616 1095 2704 montis
1143 2611 1188 2694 in

173 2790 178 2799 -
257 2736 478 2822 »diversa
533 2735 802 2822 transducere
835 2736 911 2819 u?
963 2738 1187 2852 Negitante

255 2855 519 2956 Alexandro,
551 2855 775 2942 addidisse:
793 2891 820 2939 ι(
855 2861 969 2942 Haec
1006 2886 1106 2972 ergo
1134 2850 1189 2937 si-

255 3009 282 3057 »
315 2976 502 3062 militudo
534 2995 597 3060 est
628 2977 716 3064 eius
738 2979 894 3064 scilicet
914 2972 1189 3072 difficultatis,

255 3129 283 3177 »
314 3125 436 3209 quam
458 3096 510 3178 de
530 3097 592 3180 tui
611 3099 792 3183 nominis
814 3098 1039 3182 mutatione
1059 3121 1187 3210 quae·

216 3319 219 3330 ,
255 3249 282 3297 »
313 3215 411 3300 sisti.
441 3215 499 3298 Ut
530 3216 640 3299 enim
685 3237 853 3302 naturae
890 3217 1053 3305 ¹viribus
1094 3243 1186 3326 spes

253 3370 281 3418 n
311 3334 388 3420 ista
416 3335 583 3434 delicit,
612 3341 725 3448 quod
755 3367 874 3424 mous
919 3347 1072 3423 tantus
1092 3335 1185 3418 loco

253 3489 280 3538 >r
313 3455 466 3540 mutari
512 3477 659 3568 queat,
705 3459 764 3544 ita
809 3458 1074 3577 possibilitate
1117 3485 1184 3540 res

252 3597 283 3657 '>›
315 3598 457 3678 caret,
507 3575 694 3662 inolitum
743 3609 897 3664 nomeu
946 3599 1059 3664 tuum
1088 3573 1186 3659 urbi

183 3779 185 3782 ,
255 3729 282 3776 r>
313 3707 424 3778 nun'c
454 3697 641 3783 conditae
672 3699 770 3784 olim
799 3731 922 3815 posse
955 3699 1106 3783 mutari
1144 3729 1183 3778 r).

285 3929 321 3993 (a)
338 3930 397 3976 Cod.
414 3945 464 3976 mea
481 3945 530 3978 ora.
557 3929 590 3990 (ὃ)
606 3931 666 3978 cod.
685 3943 797 3996 ceptum.
824 3935 857 3991 (e)
874 3933 935 3980 cot.
952 3932 1017 3981 orl‘u.
