3109 4934
26 881 127 928 beidi

5 959 55 992 ιιι
98 952 132 998 ΔΙ

130 883 212 999 κί-
287 873 419 956 XXV.
464 875 584 958 Exim
628 875 803 987 Lyciam
847 904 895 959 ao
940 875 1193 987 Phrygiam,

5 1017 78 1064 tier·

566 489 827 562 maxanont
1122 509 1165 582 η

229 632 408 718 reddidit
436 661 611 748 regnum
642 637 731 720 eius
761 634 913 735 urbis,
945 639 997 720 ab
1028 663 1162 749 eaque

228 749 273 836 se
302 749 430 838 filium
462 753 545 838 dici
567 756 883 870 dignantissime
909 777 1056 870 pactus
1086 777 1161 840 est.

228 991 464 1080 suas'facit.
502 993 693 1104 Cumque
724 1015 870 1107 ageret
909 995 1163 1093 Phaselide,

225 1111 340 1194 audit
382 1112 540 1224 Aeropi'
558 1151 561 1156 ·
580 1109 712 1196 filium
748 1142 905 1198 novare
942 1115 1164 1198 adversum

228 1259 272 1310 se
315 1259 382 1314 res
428 1233 561 1332 velle,
601 1233 768 1314 hortatu
811 1230 958 1330 Darii,
1007 1233 1162 1316 Asinae

158 1357 163 1366 '
225 1349 506 1448 internuntio,
542 1371 589 1434 ut
619 1348 721 1434 siis
757 1352 1165 1465 magnumdlexan·

198 1469 345 1553 ‘dr‘um
388 1472 696 1583 oppressisset,
738 1499 869 1584 regno
910 1470 998 1554 eius
1027 1497 1162 1557 utere·

224 1609 318 1688 tur,
351 1589 499 1674 additis
532 1589 614 1674 sibi
646 1587 733 1672 auri
763 1590 928 1674 talentis
972 1588 1083 1673 mille
1119 1614 1162 1675 et

225 1709 407 1806 amicitia
437 1712 674 1794 Persarum.
707 1709 895 1812 Quodis
925 1708 1162 1816 Alexander

224 1830 394 1942 Aeropi,
408 1826 941 1942 interfectoribusPlrilippi
953 1831 1162 1939 conscius,

223 1947 389 2030 heredis
417 1949 505 2032 eius
526 1946 791 2032 clementiam
820 1965 857 2030 (ι)
878 1949 1070 2032 callidam
1090 1979 1160 2032 su·

224 2087 464 2177 spectaret:
511 2089 553 2150 et
596 2088 661 2150 est
706 2067 868 2151 creditu
896 2065 1017 2152 facile
1048 2069 1162 2180 qnod

225 2187 482 2272 conscientia
506 2187 718 2302 ¹opinatur
764 2187 818 2270 ad
854 2186 920 2270 sui
953 2188 1158 2272 meritum.

223 2305 284 2387 Ea
305 2297 412 2420 ergo
426 2311 650 2420 reprobata
678 2327 741 2404 ω,
762 2335 815 2390 ex
835 2305 1009 2390 consilio
1028 2308 1161 2392 homi·

224 2453 321 2508 nem
352 2427 568 2526 amolitur,
594 2428 859 2542 ¹Pergenque
902 2427 1157 2542 Panphyliao
1184 2483 1190 2493 ·

221 2544 413 2660 protinus
443 2547 604 2630 transit.

23 2661 208 2778 ffiffl
281 2663 433 2748 XXVI.
490 2668 602 2750 Hinc
645 2665 868 2782 Aspendiis
915 2665 1158 2750 condicione

24 2817 87 2918 «ἐξ
109 2814 211 2861 ,mn-
226 2786 457 2898 imperata,
501 2815 599 2870 cum
628 2785 722 2869 Side
757 2789 981 2884 tenderet,
1023 2814 1160 2898 neque

226 2906 459 3019 Aspendios
491 2908 771 3019 obsequentes
803 2906 926 2990 iussis
946 2904 1161 3004 audisset,

222 3051 434 3138 regressus
455 3055 528 3110 eos
547 3025 776 3138 captivavit
788 3023 1040 3108 transitorie.
1053 3023 1161 3108 Tum

221 3143 372 3226 itinere
386 3166 545 3227 mutato
567 3144 769 3227 Pisidiam
783 3167 820 3220 ω
840 3171 1031 3226 unacum
1045 3171 1161 3226 exer·

224 3263 310 3346 citu
328 3264 561 3376 repedans,
586 3263 709 3346 reniti
731 3291 873 3354 ausam
904 3261 1159 3374 invitamque

261 3457 295 3504 (a)
312 3453 372 3497 Gotl·
389 3453 483 3498 Pisidia.

245 3603 305 3688 ·(t)
324 3597 407 3730 llinis⁶
427 3601 504 3652 enim
534 3598 697 3656 Alexander
723 3619 777 3656 rex
804 3617 977 3672 pepercerat
1004 3615 1075 3658 teau
1101 3605 1159 3657 Δι’·

226 3691 310 3728 runo
344 3691 421 3729 ,υ

265 3755 307 3824 (a)
327 3749 445 3808 Scilicet
464 3750 608 3812 cineam.

1064 3843 1082 3882 a
