3109 4934
575 527 656 597 ιιι
679 525 808 622 ιιιιι
830 529 859 598 ι.
1145 530 1192 619 75

188 703 194 714 ·
260 667 410 760 Persae
461 680 677 762 commoda
727 698 1015 792 receptassent
1063 675 1193 790 Igitur

260 826 429 881 reverso
461 799 562 898 tibi,
594 799 732 900 aiunt,
776 820 819 883 et
855 797 1003 884 victori
1030 798 1193 911 parebi-

259 947 361 1002 mus.
408 920 472 1003 Ad
503 922 606 1003 baec
640 947 715 1002 rex
744 918 860 1002 illum
890 946 1014 1031 quem
1042 945 1192 1000 conce·

258 1038 399 1153 perint
442 1039 493 1122 de
522 1039 653 1124 Dario
696 1059 853 1124 metum
899 1038 1063 1122 abicere
1093 1065 1191 1151 sap·

259 1159 389 1272 plices
418 1157 556 1258 iubet,
602 1187 738 1271 neque
783 1159 957 1243 ulterius
988 1157 1076 1242 eius
1107 1155 1194 1242 vim
1289 1185 1310 1201 ··

260 1299 384 1391 atque
403 1277 674 1395 inpotentiam
694 1275 928 1364 formidare.
946 1279 1037 1363 Neo
1055 1295 1193 1361 tamen

258 1428 302 1482 se
333 1398 465 1500 velle,
496 1401 731 1514 respondit,
762 1401 911 1483 urbem
941 1425 1064 1512 quam
1093 1425 1193 1482 con-

257 1516 525 1626 fidentissIme
545 1541 745 1607 reserent:
766 1549 810 1604 se
829 1518 874 1603 in
887 1517 1100 1636 praesenti
1120 1548 1194 1633 op-

256 1637 401 1752 pidum
419 1621 569 1723 haud
545 1669 854 1778 ingressurum:
874 1638 986 1723 enim
1011 1667 1106 1724 cum
1124 1667 1192 1721 re·

257 1787 425 1861 venero,
440 1755 586 1874 inquit,
599 1793 684 1846 non
698 1763 873 1876 hospes
870 1761 991 1846 vobis
1003 1759 1077 1844 sed
1092 1759 1193 1844 ami·

189 1893 191 1898 '
257 1907 330 1963 cus
343 1910 426 1964 ero.
439 1883 516 1966 His
531 1882 679 1968 dictis
667 1903 746 1969 lter
761 1884 815 1966 ad
829 1881 1034 1966 Euxinum
1047 1879 1190 1978 tendit,

205 2027 481 2114 omnesque
495 2003 576 2086 sibi
589 2003 767 2086 urbes
732 2031 821 2108 erus
838 2001 970 2086 litoris
987 1998 1190 2087 vendicat.

314 2125 421 2207 LXI.
453 2121 645 2237 Equestri
677 2124 858 2237 denique
885 2123 1081 2235 Neptuno
1111 2120 1190 2204 sol-

63 2273 222 2329 oss
94 2203 473 2454 dssxbpnilempniter
487 2265 677 2358 operatus
692 2247 741 2328 ad
755 2240 1190 2356 Maeotimsnpoladem
1306 2345 1315 2362 ·

195 2355 372 2450 ¹’''venit
401 2378 590 2481 asperam
620 2366 716 2452 satis
747 2385 790 2449 et
817 2360 1054 2448 inviabilem
1089 2388 1189 2475 pree

135 2565 141 2572 .
252 2484 401 2600 rigore.
439 2489 560 2588 Quae
598 2489 708 2572 circa
739 2489 963 2597 occupatus
999 2481 1189 2566 omnibus

254 2607 367 2692 hisce
400 2591 667 2691 deficitur
618 2636 724 2721 quae
755 2608 809 2690 ad
845 2602 1081 2689 alimoniam
1119 2630 1187 2684 re·

254 2733 486 2842 quiruntur.
518 2726 648 2842 Igitur
667 2725 776 2811 fame
797 2723 1003 2809 obsessis
991 2745 1047 2807 ιιι
1066 2749 1191 2834 prae-

253 2849 435 2934 sentibus
482 2849 687 2948 consulit,
731 2847 794 2930 uti
840 2873 967 2957 equos
1013 2841 1188 2926 militum

252 2963 429 3057 interfici
478 2969 617 3053 iubeat
668 2967 814 3082 eisque
863 2964 1011 3048 milites
1063 2963 1187 3046 vesci.
1260 3012 1263 3018 ·

250 3087 471 3174 Enimvero
515 3115 767 3204 quamquam
812 3087 857 3170 id
887 3066 1107 3175 consilium
1137 3109 1188 3164 ex

250 3211 491 3293 necessitate
511 3228 807 3322 sequerentur,
837 3205 1032 3288 tumultus
1050 3225 1186 3304 tamen

251 3347 293 3410 et
321 3326 550 3442 indignatio
583 3328 767 3412 omnium
798 3329 1078 3442 congruebat,
1113 3353 1185 3409 ve-

252 3447 327 3529 luti
356 3448 493 3531 studio
518 3447 698 3548 factum,
727 3467 773 3529 ut
801 3449 1044 3533 necessitate
1068 3473 1186 3570 prae·

251 3566 357 3650 senti
387 3597 480 3680 spes
510 3569 591 3654 sibi
621 3513 759 3652 sotira
790 3569 1007 3652 laberetur.
1045 3559 1185 3669 Quare

287 3733 866 3807 (1)Codbicet1tnrcvat
822 3739 999 3810 meiodphth
983 3737 1184 3806 oooegblou'aa.

249 3811 320 3944 {illoc
340 3812 461 3868 sortem
481 3815 578 3872 brevia
599 3815 714 3889 syllaba
733 3815 832 3885 prima
849 3817 927 3888 apud
947 3814 1085 3883 Ovidium
1099 3813 1181 3868 arist.

281 3926 305 3952 ,ι
328 3904 372 3946 12.
393 3911 419 3946 v.
440 3907 470 3946 a.
