3109 4934
385 474 431 568 9⁶
664 467 916 545 nsxrnon
939 460 1085 544 servs

385 655 415 706 ιι
445 621 619 710 navibus
654 623 877 722 straverit,
916 621 1173 734 quterram
1203 621 1315 706 illam

383 773 413 825 >ι
445 771 609 827 omnem
650 743 834 826 exercitu
853 771 928 826 suo
964 741 1214 841 terentio,
1245 744 1318 856 qui

384 893 413 944 ι)
445 873 542 947 aera
568 863 704 980 ipsum
733 861 826 946 telis
850 859 1077 972 iaculisque
1107 862 1314 948 velaverit

382 982 606 1068 »Deinde
641 984 757 1068 illum
801 980 969 1094 quidem
1008 982 1164 1064 Persen
1214 983 1318 1064 adeo

327 1101 330 1108 ’
380 1133 410 1226 ιι
440 1103 666 1216 spirantem
696 1125 738 1188 et
775 1099 1052 1188 confidentem
1086 1100 1318 1216 abegimm,

384 1215 622 1347 »incensis
654 1221 949 1306 eiusnnvibns
982 1243 1053 1306 aut
1089 1222 1213 1306 etiam
1250 1249 1319 1304 su·

382 1373 411 1422 »
443 1339 628 1454 peratis:
666 1363 709 1424 et
737 1361 805 1424 tot
837 1341 907 1424 illa
946 1343 1061 1425 milio
1110 1340 1317 1425 exercitus

381 1465 415 1544 ιι
445 1463 496 1544 ab
527 1463 605 1546 hoc
637 1461 804 1546 civitate
837 1458 1124 1574 reppulimus,
1153 1462 1315 1574 Cynae-

381 1579 410 1662 ιι
442 1580 604 1694 giro-'et
644 1580 897 1694 Antiphonte
935 1603 978 1664 et
1010 1579 1316 1664 Mnesichnrmo

380 1733 409 1782 ιι
443 1701 614 1814 aliisque
656 1729 743 1784 non
797 1700 936 1786 multis
985 1701 1044 1784 illi
1094 1699 1313 1785 violentiae

380 1817 410 1902 >i
441 1820 761 1912 occursantibus.
792 1822 916 1907 Nunc
936 1842 1075 1906 autem
1102 1848 1197 1918 nos,
1214 1849 1316 1932 quo-

368 1971 409 2022 ·ι)
440 1969 533 2023 rum
564 1942 689 2024 duces
719 1943 930 2053 roburque
961 1942 1113 2026 virium
1147 1967 1316 2030 enume-

319 2117 321 2126 ι
380 2091 410 2142 ι)
440 2088 534 2143 rare
577 2055 742 2144 difficile
780 2080 880 2160 est,
913 2059 1038 2143 reniti
1079 2059 1316 2154 Alexandro

379 2165 737 2264 »declinabimus
769 2197 803 2256 tt>
837 2208 970 2291 puero
1001 2177 1226 2264 confidenti
1274 2200 1315 2264 et

378 2329 408 2381 n
437 2301 553 2384 his'ce
584 2299 720 2383 noxiis
755 2321 788 2374 t>
821 2299 1098 2399 satellitibus,
1132 2297 1214 2411 qui
1251 2297 1314 2381 in-

378 2449 406 2500 »
435 2418 632 2532 prudenti
692 2418 979 2532 inprudentius
1035 2421 1313 2556 obsequentes

377 2541 710 2623 »temeritatem
748 2539 838 2620 eius
878 2539 1155 2652 praecipitare
1190 2567 1310 2654 mage

376 2680 629 2772 »poterunt
669 2687 793 2771 quam
812 2655 996 2742 fulcire?

433 2779 523 2862 XII.
554 2811 581 2859 n
612 2778 677 2862 Ad
707 2807 811 2891 quos
842 2794 881 2860 (ἢ
900 2777 972 2887 (id
990 2807 1068 2891 per
1085 2783 1200 2862 Deos
1233 2776 1306 2858 de·

373 2899 640 3010 obserate)
684 2898 787 3014 qnid
823 2899 994 3002 tandem
1040 2897 1305 2981 destinandos

372 3049 402 3100 n
432 3018 660 3104 Aeschines
681 3040 849 3103 censent
869 3017 1006 3101 decim
1035 3016 1193 3130 pariter
1215 3045 1307 3099 ora-

373 3167 401 3218 n
432 3139 574 3226 tores?
602 3141 683 3224 Eos
715 3152 768 3222 ne
815 3165 960 3222 omnes
1005 3164 1183 3248 quorum
1224 3137 1318 3242 sin·¹

371 3287 401 3337 ι)
431 3259 537 3373 gulis
567 3248 691 3372 saepe
736 3257 879 3343 salutis
929 3277 1093 3342 vestroe
1136 3255 1310 3339 consilia

369 3403 399 3458 n
431 3378 862 3490 rexistisiNequeboc
876 3376 1318 3482 videtisAlexandrum

371 3525 399 3576 »
430 3497 550 3580 vobis
594 3498 733 3581 subtili
762 3497 942 3610 quodam
982 3517 1026 3578 et
1054 3495 1309 3579 clandestino

407 3703 612 3758 (nummo
637 3701 1309 3766 (ὄ)οο«ἀίοο1ἱκοὶιοι(ιιῦοὰηοκί.(ῠῦοὼιὶ

373 3784 475 3834 ΜΝ·
561 3801 623 3810 ·“
1312 3789 1317 3796 ·
