<?xml version="1.0" encoding="UTF-8"?>
<!DOCTYPE html PUBLIC "-//W3C//DTD XHTML 1.0 Transitional//EN"
    "http://www.w3.org/TR/xhtml1/DTD/xhtml1-transitional.dtd">
<html xmlns="http://www.w3.org/1999/xhtml" xml:lang="en" lang="en">
 <head>
  <title>
</title>
<meta http-equiv="Content-Type" content="text/html;charset=utf-8" />
  <meta name='ocr-system' content='tesseract 3.04.00' />
  <meta name='ocr-capabilities' content='ocr_page ocr_carea ocr_par ocr_line ocrx_word'/>
</head>
<body>
  <div class='ocr_page' id='page_1' title='image "./itinerariumalex00unkngoog/itinerariumalex00unkngoog_0270.png"; bbox 0 0 3109 4934; ppageno 0'>
   <div class='ocr_carea' id='block_1_1' title="bbox 422 542 1106 622">
    <p class='ocr_par' dir='ltr' id='par_1_1' title="bbox 422 542 1106 622">
     <span class='ocr_line' id='line_1_1' title="bbox 422 542 1106 622; baseline 0.004 -4"><span class='ocrx_word' id='word_1_1' title='bbox 422 547 485 620; x_wconf 80' lang='lat'><strong>136</strong></span> <span class='ocrx_word' id='word_1_2' title='bbox 673 542 925 621; x_wconf 69' lang='lat' dir='ltr'><strong>mutatum</strong></span> <span class='ocrx_word' id='word_1_3' title='bbox 946 545 1106 622; x_wconf 75' lang='lat' dir='ltr'><strong>ontrvs</strong></span> 
     </span>
    </p>
   </div>
   <div class='ocr_carea' id='block_1_2' title="bbox 233 689 1344 3797">
    <p class='ocr_par' dir='ltr' id='par_1_2' title="bbox 233 689 1344 3797">
     <span class='ocr_line' id='line_1_2' title="bbox 419 689 1343 808; baseline 0 -30"><span class='ocrx_word' id='word_1_4' title='bbox 419 695 502 779; x_wconf 91' lang='lat' dir='ltr'><strong>iam</strong></span> <span class='ocrx_word' id='word_1_5' title='bbox 534 695 659 780; x_wconf 78' lang='lat' dir='ltr'><strong>duces</strong></span> <span class='ocrx_word' id='word_1_6' title='bbox 696 695 786 781; x_wconf 79' lang='lat' dir='ltr'><strong>eine</strong></span> <span class='ocrx_word' id='word_1_7' title='bbox 812 693 1035 808; x_wconf 84' lang='lat' dir='ltr'><strong>conloquia</strong></span> <span class='ocrx_word' id='word_1_8' title='bbox 1059 689 1343 794; x_wconf 80' lang='lat' dir='ltr'><strong>conserebant,</strong></span> 
     </span>
     <span class='ocr_line' id='line_1_3' title="bbox 416 811 1342 930; baseline -0.001 -32"><span class='ocrx_word' id='word_1_9' title='bbox 416 811 530 928; x_wconf 89' lang='lat' dir='ltr'><strong>quod</strong></span> <span class='ocrx_word' id='word_1_10' title='bbox 559 813 643 900; x_wconf 80' lang='lat' dir='ltr'><strong>eibi</strong></span> <span class='ocrx_word' id='word_1_11' title='bbox 672 815 769 900; x_wconf 82' lang='lat' dir='ltr'><strong>tatia</strong></span> <span class='ocrx_word' id='word_1_12' title='bbox 800 845 889 900; x_wconf 78' lang='lat' dir='ltr'><strong>esee</strong></span> <span class='ocrx_word' id='word_1_13' title='bbox 922 816 1097 901; x_wconf 81' lang='lat' dir='ltr'>deberet</span> <span class='ocrx_word' id='word_1_14' title='bbox 1129 843 1262 930; x_wconf 82' lang='lat' dir='ltr'><strong>usque</strong></span> <span class='ocrx_word' id='word_1_15' title='bbox 1293 816 1342 898; x_wconf 86' lang='lat' dir='ltr'><strong>ad</strong></span> 
     </span>
     <span class='ocr_line' id='line_1_4' title="bbox 416 933 1341 1050; baseline 0.001 -32"><span class='ocrx_word' id='word_1_16' title='bbox 416 935 564 1020; x_wconf 80' lang='lat' dir='ltr'><strong>Persae</strong></span> <span class='ocrx_word' id='word_1_17' title='bbox 581 955 618 1011; x_wconf 71' lang='lat' dir='ltr'><strong>‹a›</strong></span> <span class='ocrx_word' id='word_1_18' title='bbox 637 934 808 1050; x_wconf 80' lang='lat' dir='ltr'><strong>proeliis</strong></span> <span class='ocrx_word' id='word_1_19' title='bbox 838 935 1061 1020; x_wconf 72' lang='lat' dir='ltr'><strong>labormse.</strong></span> <span class='ocrx_word' id='word_1_20' title='bbox 1083 933 1161 1018; x_wconf 86' lang='lat' dir='ltr'><strong>His</strong></span> <span class='ocrx_word' id='word_1_21' title='bbox 1180 963 1341 1048; x_wconf 84' lang='lat' dir='ltr'><strong>quoque</strong></span> 
     </span>
     <span class='ocr_line' id='line_1_5' title="bbox 421 1053 1343 1168; baseline 0 -30"><span class='ocrx_word' id='word_1_22' title='bbox 421 1053 595 1139; x_wconf 82' lang='lat' dir='ltr'><strong>subditis</strong></span> <span class='ocrx_word' id='word_1_23' title='bbox 626 1075 668 1138; x_wconf 92' lang='lat' dir='ltr'><strong>et</strong></span> <span class='ocrx_word' id='word_1_24' title='bbox 697 1055 854 1154; x_wconf 86' lang='lat' dir='ltr'><strong>Dario,</strong></span> <span class='ocrx_word' id='word_1_25' title='bbox 885 1055 1119 1140; x_wconf 85' lang='lat' dir='ltr'><strong>consultum</strong></span> <span class='ocrx_word' id='word_1_26' title='bbox 1146 1075 1343 1168; x_wconf 85' lang='lat' dir='ltr'><strong>qnantum</strong></span> 
     </span>
     <span class='ocr_line' id='line_1_6' title="bbox 419 1171 1342 1289; baseline -0.003 -31"><span class='ocrx_word' id='word_1_27' title='bbox 419 1172 650 1289; x_wconf 87' lang='lat' dir='ltr'>oportuerit</span> <span class='ocrx_word' id='word_1_28' title='bbox 683 1171 916 1274; x_wconf 76' lang='lat' dir='ltr'><strong>Graeciae,</strong></span> <span class='ocrx_word' id='word_1_29' title='bbox 958 1172 995 1258; x_wconf 85' lang='lat' dir='ltr'><strong>ei</strong></span> <span class='ocrx_word' id='word_1_30' title='bbox 1038 1175 1164 1258; x_wconf 90' lang='lat' dir='ltr'><strong>modo</strong></span> <span class='ocrx_word' id='word_1_31' title='bbox 1215 1173 1342 1278; x_wconf 81' lang='lat' dir='ltr'><strong>vecti·</strong></span> 
     </span>
     <span class='ocr_line' id='line_1_7' title="bbox 418 1290 1343 1408; baseline 0 -32"><span class='ocrx_word' id='word_1_32' title='bbox 418 1293 531 1408; x_wconf 81' lang='lat' dir='ltr'><strong>galee</strong></span> <span class='ocrx_word' id='word_1_33' title='bbox 551 1293 696 1378; x_wconf 83' lang='lat' dir='ltr'>Persas</span> <span class='ocrx_word' id='word_1_34' title='bbox 716 1291 874 1407; x_wconf 82' lang='lat' dir='ltr'><strong>patriae</strong></span> <span class='ocrx_word' id='word_1_35' title='bbox 892 1290 1097 1380; x_wconf 76' lang='lat' dir='ltr'><strong>fecissent</strong></span> <span class='ocrx_word' id='word_1_36' title='bbox 1119 1292 1216 1408; x_wconf 82' lang='lat' dir='ltr'><strong>Qud</strong></span> <span class='ocrx_word' id='word_1_37' title='bbox 1248 1320 1343 1376; x_wconf 88' lang='lat' dir='ltr'><strong>vero</strong></span> 
     </span>
     <span class='ocr_line' id='line_1_8' title="bbox 418 1411 1344 1526; baseline 0 -30"><span class='ocrx_word' id='word_1_38' title='bbox 418 1411 487 1496; x_wconf 89' lang='lat' dir='ltr'><strong>ille</strong></span> <span class='ocrx_word' id='word_1_39' title='bbox 507 1411 697 1508; x_wconf 86' lang='lat' dir='ltr'><strong>tenderet</strong></span> <span class='ocrx_word' id='word_1_40' title='bbox 715 1414 836 1496; x_wconf 87' lang='lat' dir='ltr'><strong>labor</strong></span> <span class='ocrx_word' id='word_1_41' title='bbox 866 1413 910 1496; x_wconf 88' lang='lat' dir='ltr'><strong>in</strong></span> <span class='ocrx_word' id='word_1_42' title='bbox 939 1411 1101 1496; x_wconf 84' lang='lat' dir='ltr'><strong>Indiam</strong></span> <span class='ocrx_word' id='word_1_43' title='bbox 1120 1439 1344 1526; x_wconf 88' lang='lat' dir='ltr'><strong>properan-</strong></span> 
     </span>
     <span class='ocr_line' id='line_1_9' title="bbox 420 1528 1344 1638; baseline -0.001 -24"><span class='ocrx_word' id='word_1_44' title='bbox 420 1531 557 1638; x_wconf 79' lang='lat' dir='ltr'><strong>tibus,</strong></span> <span class='ocrx_word' id='word_1_45' title='bbox 589 1533 693 1616; x_wconf 88' lang='lat' dir='ltr'><strong>adeo</strong></span> <span class='ocrx_word' id='word_1_46' title='bbox 733 1529 894 1616; x_wconf 76' lang='lat' dir='ltr'><strong>infestis</strong></span> <span class='ocrx_word' id='word_1_47' title='bbox 939 1533 1130 1616; x_wconf 82' lang='lat' dir='ltr'><strong>omnibus</strong></span> <span class='ocrx_word' id='word_1_48' title='bbox 1157 1531 1260 1616; x_wconf 80' lang='lat' dir='ltr'><strong>locis</strong></span> <span class='ocrx_word' id='word_1_49' title='bbox 1289 1528 1344 1615; x_wconf 84' lang='lat' dir='ltr'><strong>fe·</strong></span> 
     </span>
     <span class='ocr_line' id='line_1_10' title="bbox 420 1649 1341 1757; baseline 0.002 -23"><span class='ocrx_word' id='word_1_50' title='bbox 420 1649 542 1736; x_wconf 86' lang='lat' dir='ltr'><strong>ritate</strong></span> <span class='ocrx_word' id='word_1_51' title='bbox 592 1649 850 1736; x_wconf 78' lang='lat' dir='ltr'><strong>bestiarum?</strong></span> <span class='ocrx_word' id='word_1_52' title='bbox 886 1652 1078 1757; x_wconf 86' lang='lat' dir='ltr'><strong>Quodsi</strong></span> <span class='ocrx_word' id='word_1_53' title='bbox 1111 1649 1158 1736; x_wconf 89' lang='lat' dir='ltr'><strong>iu</strong></span> <span class='ocrx_word' id='word_1_54' title='bbox 1186 1671 1341 1736; x_wconf 86' lang='lat' dir='ltr'><strong>tantum</strong></span> 
     </span>
     <span class='ocr_line' id='line_1_11' title="bbox 422 1771 1341 1886; baseline -0.007 -28"><span class='ocrx_word' id='word_1_55' title='bbox 422 1771 567 1858; x_wconf 80' lang='lat' dir='ltr'>ordine</span> <span class='ocrx_word' id='word_1_56' title='bbox 597 1771 660 1854; x_wconf 88' lang='lat' dir='ltr'><strong>rei</strong></span> <span class='ocrx_word' id='word_1_57' title='bbox 690 1771 867 1856; x_wconf 88' lang='lat' dir='ltr'><strong>bellicae</strong></span> <span class='ocrx_word' id='word_1_58' title='bbox 917 1772 1150 1856; x_wconf 80' lang='lat' dir='ltr'><strong>Alexander</strong></span> <span class='ocrx_word' id='word_1_59' title='bbox 1193 1774 1341 1886; x_wconf 64' lang='lat' dir='ltr'><strong>argue</strong></span> 
     </span>
     <span class='ocr_line' id='line_1_12' title="bbox 420 1889 1341 1992; baseline 0 -18"><span class='ocrx_word' id='word_1_60' title='bbox 420 1910 562 1992; x_wconf 86' lang='lat' dir='ltr'><strong>retur,</strong></span> <span class='ocrx_word' id='word_1_61' title='bbox 592 1918 676 1974; x_wconf 91' lang='lat' dir='ltr'><strong>non</strong></span> <span class='ocrx_word' id='word_1_62' title='bbox 706 1919 806 1974; x_wconf 88' lang='lat' dir='ltr'><strong>sane</strong></span> <span class='ocrx_word' id='word_1_63' title='bbox 837 1890 972 1976; x_wconf 88' lang='lat' dir='ltr'><strong>videri</strong></span> <span class='ocrx_word' id='word_1_64' title='bbox 1022 1889 1241 1978; x_wconf 83' lang='lat' dir='ltr'><strong>consilinm</strong></span> <span class='ocrx_word' id='word_1_65' title='bbox 1279 1890 1341 1974; x_wconf 92' lang='lat' dir='ltr'><strong>in·</strong></span> 
     </span>
     <span class='ocr_line' id='line_1_13' title="bbox 419 2007 1342 2125; baseline -0.002 -31"><span class='ocrx_word' id='word_1_66' title='bbox 419 2011 629 2106; x_wconf 79' lang='lat' dir='ltr'><strong>consultae</strong></span> <span class='ocrx_word' id='word_1_67' title='bbox 661 2009 729 2092; x_wconf 88' lang='lat' dir='ltr'><strong>isti</strong></span> <span class='ocrx_word' id='word_1_68' title='bbox 759 2009 946 2125; x_wconf 88' lang='lat' dir='ltr'><strong>cupidini</strong></span> <span class='ocrx_word' id='word_1_69' title='bbox 976 2013 1014 2094; x_wconf 85' lang='lat' dir='ltr'><strong>ei</strong></span> <span class='ocrx_word' id='word_1_70' title='bbox 1044 2039 1187 2095; x_wconf 79' lang='lat' dir='ltr'><strong>comen</strong></span> <span class='ocrx_word' id='word_1_71' title='bbox 1228 2007 1342 2094; x_wconf 87' lang='lat' dir='ltr'><strong>fieret</strong></span> 
     </span>
     <span class='ocr_line' id='line_1_14' title="bbox 419 2127 1341 2246; baseline -0.001 -34"><span class='ocrx_word' id='word_1_72' title='bbox 419 2127 579 2242; x_wconf 88' lang='lat' dir='ltr'><strong>reliqna</strong></span> <span class='ocrx_word' id='word_1_73' title='bbox 608 2129 838 2214; x_wconf 91' lang='lat' dir='ltr'><strong>multitudo.</strong></span> <span class='ocrx_word' id='word_1_74' title='bbox 870 2132 955 2216; x_wconf 88' lang='lat' dir='ltr'><strong>Iret</strong></span> <span class='ocrx_word' id='word_1_75' title='bbox 967 2160 1069 2246; x_wconf 81' lang='lat' dir='ltr'><strong>ergo</strong></span> <span class='ocrx_word' id='word_1_76' title='bbox 1090 2131 1176 2246; x_wconf 81' lang='lat' dir='ltr'><strong>q&#39;uo</strong></span> <span class='ocrx_word' id='word_1_77' title='bbox 1206 2131 1341 2228; x_wconf 87' lang='lat' dir='ltr'><strong>vellet,</strong></span> 
     </span>
     <span class='ocr_line' id='line_1_15' title="bbox 421 2249 1342 2363; baseline 0 -31"><span class='ocrx_word' id='word_1_78' title='bbox 421 2249 673 2363; x_wconf 88' lang='lat' dir='ltr'><strong>duceretque</strong></span> <span class='ocrx_word' id='word_1_79' title='bbox 718 2251 792 2362; x_wconf 90' lang='lat' dir='ltr'><strong>qui</strong></span> <span class='ocrx_word' id='word_1_80' title='bbox 840 2249 1024 2335; x_wconf 88' lang='lat' dir='ltr'><strong>vellent:</strong></span> <span class='ocrx_word' id='word_1_81' title='bbox 1068 2279 1114 2335; x_wconf 85' lang='lat' dir='ltr'><strong>ee</strong></span> <span class='ocrx_word' id='word_1_82' title='bbox 1144 2267 1179 2326; x_wconf 80' lang='lat'><strong>¹¹¹</strong></span> <span class='ocrx_word' id='word_1_83' title='bbox 1208 2277 1342 2334; x_wconf 87' lang='lat' dir='ltr'><strong>tamen</strong></span> 
     </span>
     <span class='ocr_line' id='line_1_16' title="bbox 419 2367 1341 2457; baseline -0.001 -5"><span class='ocrx_word' id='word_1_84' title='bbox 419 2367 567 2454; x_wconf 82' lang='lat' dir='ltr'><strong>missos</strong></span> <span class='ocrx_word' id='word_1_85' title='bbox 606 2367 744 2453; x_wconf 85' lang='lat' dir='ltr'><strong>facere</strong></span> <span class='ocrx_word' id='word_1_86' title='bbox 773 2372 949 2455; x_wconf 89' lang='lat' dir='ltr'><strong>deberet</strong></span> <span class='ocrx_word' id='word_1_87' title='bbox 995 2392 1059 2457; x_wconf 90' lang='lat' dir='ltr'><strong>tot</strong></span> <span class='ocrx_word' id='word_1_88' title='bbox 1098 2369 1184 2454; x_wconf 87' lang='lat' dir='ltr'><strong>iam</strong></span> <span class='ocrx_word' id='word_1_89' title='bbox 1226 2368 1341 2453; x_wconf 81' lang='lat' dir='ltr'><strong>bellis</strong></span> 
     </span>
     <span class='ocr_line' id='line_1_17' title="bbox 420 2483 936 2604; baseline 0.008 -34"><span class='ocrx_word' id='word_1_90' title='bbox 420 2489 623 2574; x_wconf 83' lang='lat' dir='ltr'><strong>exercitos</strong></span> <span class='ocrx_word' id='word_1_91' title='bbox 655 2519 703 2572; x_wconf 89' lang='lat' dir='ltr'><strong>ac</strong></span> <span class='ocrx_word' id='word_1_92' title='bbox 732 2483 936 2604; x_wconf 82' lang='lat' dir='ltr'><strong>fatigatos</strong></span> 
     </span>
     <span class='ocr_line' id='line_1_18' title="bbox 233 2605 1341 2746; baseline -0.002 -53.925"><span class='ocrx_word' id='word_1_93' title='bbox 233 2631 346 2741; x_wconf 84' lang='lat'><strong>2¹·</strong></span> <span class='ocrx_word' id='word_1_94' title='bbox 347 2629 402 2746; x_wconf 71' lang='lat'>&#39;3¹¹⁵</span> <span class='ocrx_word' id='word_1_95' title='bbox 475 2609 527 2692; x_wconf 93' lang='lat' dir='ltr'><strong>II.</strong></span> <span class='ocrx_word' id='word_1_96' title='bbox 565 2609 787 2696; x_wconf 88' lang='lat' dir='ltr'><strong>Enimvero</strong></span> <span class='ocrx_word' id='word_1_97' title='bbox 803 2609 869 2696; x_wconf 83' lang='lat' dir='ltr'><strong>hie</strong></span> <span class='ocrx_word' id='word_1_98' title='bbox 888 2609 1124 2695; x_wconf 80' lang='lat' dir='ltr'><strong>Alexander</strong></span> <span class='ocrx_word' id='word_1_99' title='bbox 1142 2605 1341 2744; x_wconf 81' lang='lat' dir='ltr'><strong>cognitis,</strong></span> 
     </span>
     <span class='ocr_line' id='line_1_19' title="bbox 233 2699 1341 2846; baseline -0.005 -32"><span class='ocrx_word' id='word_1_100' title='bbox 233 2710 322 2818; x_wconf 50' lang='lat' dir='ltr'><strong>ll.)</strong></span> <span class='ocrx_word' id='word_1_101' title='bbox 339 2699 747 2846; x_wconf 53' lang='lat' dir='ltr'><strong>&#39;iladvocatoqne</strong></span> <span class='ocrx_word' id='word_1_102' title='bbox 733 2731 848 2813; x_wconf 90' lang='lat' dir='ltr'><strong>omni</strong></span> <span class='ocrx_word' id='word_1_103' title='bbox 876 2751 963 2816; x_wconf 87' lang='lat' dir='ltr'><strong>tam</strong></span> <span class='ocrx_word' id='word_1_104' title='bbox 989 2728 1157 2844; x_wconf 87' lang='lat' dir='ltr'><strong>persico</strong></span> <span class='ocrx_word' id='word_1_105' title='bbox 1186 2727 1341 2816; x_wconf 85' lang='lat' dir='ltr'><strong>scilicet</strong></span> 
     </span>
     <span class='ocr_line' id='line_1_20' title="bbox 415 2835 1341 2961; baseline -0.008 -27"><span class='ocrx_word' id='word_1_106' title='bbox 415 2877 540 2961; x_wconf 85' lang='lat' dir='ltr'><strong>quam</strong></span> <span class='ocrx_word' id='word_1_107' title='bbox 585 2835 855 2936; x_wconf 80' lang='lat' dir='ltr'><strong>macedtinico</strong></span> <span class='ocrx_word' id='word_1_108' title='bbox 891 2849 1097 2950; x_wconf 83' lang='lat' dir='ltr'><strong>exercitu,</strong></span> <span class='ocrx_word' id='word_1_109' title='bbox 1145 2849 1192 2934; x_wconf 92' lang='lat' dir='ltr'><strong>in</strong></span> <span class='ocrx_word' id='word_1_110' title='bbox 1238 2849 1341 2932; x_wconf 83' lang='lat' dir='ltr'><strong>haec</strong></span> 
     </span>
     <span class='ocr_line' id='line_1_21' title="bbox 413 2967 1338 3055; baseline -0.004 -1"><span class='ocrx_word' id='word_1_111' title='bbox 413 2971 543 3054; x_wconf 86' lang='lat' dir='ltr'><strong>verba</strong></span> <span class='ocrx_word' id='word_1_112' title='bbox 574 2967 852 3053; x_wconf 87' lang='lat' dir='ltr'><strong>concionatur.</strong></span> <span class='ocrx_word' id='word_1_113' title='bbox 884 3001 912 3050; x_wconf 77' lang='grc' dir='ltr'><strong>ι(</strong></span> <span class='ocrx_word' id='word_1_114' title='bbox 925 2970 1044 3055; x_wconf 81' lang='lat' dir='ltr'><strong>Unus</strong></span> <span class='ocrx_word' id='word_1_115' title='bbox 1073 2968 1180 3054; x_wconf 91' lang='lat' dir='ltr'><strong>mihi</strong></span> <span class='ocrx_word' id='word_1_116' title='bbox 1208 2967 1338 3052; x_wconf 90' lang='lat' dir='ltr'><strong>idem·</strong></span> 
     </span>
     <span class='ocr_line' id='line_1_22' title="bbox 415 3089 1337 3205; baseline 0.003 -38"><span class='ocrx_word' id='word_1_117' title='bbox 415 3119 442 3168; x_wconf 82' lang='lat' dir='ltr'><strong>n</strong></span> <span class='ocrx_word' id='word_1_118' title='bbox 472 3117 554 3202; x_wconf 88' lang='lat' dir='ltr'><strong>que</strong></span> <span class='ocrx_word' id='word_1_119' title='bbox 586 3110 650 3174; x_wconf 89' lang='lat' dir='ltr'><strong>est</strong></span> <span class='ocrx_word' id='word_1_120' title='bbox 681 3117 819 3174; x_wconf 85' lang='lat' dir='ltr'><strong>sermo</strong></span> <span class='ocrx_word' id='word_1_121' title='bbox 854 3089 965 3205; x_wconf 88' lang='lat' dir='ltr'><strong>apud</strong></span> <span class='ocrx_word' id='word_1_122' title='bbox 1013 3109 1235 3203; x_wconf 86' lang='lat' dir='ltr'><strong>utrumqne</strong></span> <span class='ocrx_word' id='word_1_123' title='bbox 1265 3115 1337 3172; x_wconf 89' lang='lat' dir='ltr'><strong>ve·</strong></span> 
     </span>
     <span class='ocr_line' id='line_1_23' title="bbox 413 3204 1335 3342; baseline 0.002 -55"><span class='ocrx_word' id='word_1_124' title='bbox 413 3238 441 3288; x_wconf 86' lang='grc'>»</span> <span class='ocrx_word' id='word_1_125' title='bbox 473 3229 630 3309; x_wconf 84' lang='lat' dir='ltr'><strong>etrum,</strong></span> <span class='ocrx_word' id='word_1_126' title='bbox 661 3239 688 3292; x_wconf 91' lang='lat' dir='ltr'>o</span> <span class='ocrx_word' id='word_1_127' title='bbox 731 3204 946 3295; x_wconf 81' lang='lat' dir='ltr'><strong>fortissimi</strong></span> <span class='ocrx_word' id='word_1_128' title='bbox 985 3209 1166 3308; x_wconf 86' lang='lat' dir='ltr'><strong>milites,</strong></span> <span class='ocrx_word' id='word_1_129' title='bbox 1214 3207 1335 3342; x_wconf 80' lang='lat' dir='ltr'><strong>quive</strong></span> 
     </span>
     <span class='ocr_line' id='line_1_24' title="bbox 412 3325 1336 3440; baseline 0.003 -35"><span class='ocrx_word' id='word_1_130' title='bbox 412 3359 439 3408; x_wconf 89' lang='lat'>»</span> <span class='ocrx_word' id='word_1_131' title='bbox 469 3356 633 3412; x_wconf 89' lang='lat' dir='ltr'><strong>mecum</strong></span> <span class='ocrx_word' id='word_1_132' title='bbox 649 3329 901 3415; x_wconf 79' lang='lat' dir='ltr'><strong>Macedones</strong></span> <span class='ocrx_word' id='word_1_133' title='bbox 923 3331 1007 3414; x_wconf 90' lang='lat' dir='ltr'><strong>hnc</strong></span> <span class='ocrx_word' id='word_1_134' title='bbox 1028 3329 1198 3414; x_wconf 69' lang='lat' dir='ltr'><strong>venietis</strong></span> <span class='ocrx_word' id='word_1_135' title='bbox 1213 3325 1336 3440; x_wconf 89' lang='lat' dir='ltr'><strong>quive</strong></span> 
     </span>
     <span class='ocr_line' id='line_1_25' title="bbox 308 3447 1337 3562; baseline 0.002 -37"><span class='ocrx_word' id='word_1_136' title='bbox 308 3507 309 3510; x_wconf 15' lang='lat' dir='ltr'><strong>a</strong></span> <span class='ocrx_word' id='word_1_137' title='bbox 411 3475 438 3526; x_wconf 73' lang='lat' dir='ltr'><strong>&gt;r</strong></span> <span class='ocrx_word' id='word_1_138' title='bbox 469 3449 620 3530; x_wconf 83' lang='lat' dir='ltr'><strong>Persae</strong></span> <span class='ocrx_word' id='word_1_139' title='bbox 651 3447 812 3561; x_wconf 86' lang='lat' dir='ltr'><strong>experti</strong></span> <span class='ocrx_word' id='word_1_140' title='bbox 840 3448 1064 3562; x_wconf 87' lang='lat' dir='ltr'><strong>imperium</strong></span> <span class='ocrx_word' id='word_1_141' title='bbox 1093 3469 1188 3561; x_wconf 80' lang='lat' dir='ltr'><strong>post</strong></span> <span class='ocrx_word' id='word_1_142' title='bbox 1206 3447 1337 3532; x_wconf 87' lang='lat' dir='ltr'><strong>victo-</strong></span> 
     </span>
     <span class='ocr_line' id='line_1_26' title="bbox 412 3563 1338 3681; baseline 0.003 -37"><span class='ocrx_word' id='word_1_143' title='bbox 412 3563 575 3646; x_wconf 86' lang='lat' dir='ltr'><strong>»riam</strong></span> <span class='ocrx_word' id='word_1_144' title='bbox 617 3594 729 3649; x_wconf 89' lang='lat' dir='ltr'><strong>nunc</strong></span> <span class='ocrx_word' id='word_1_145' title='bbox 772 3565 877 3650; x_wconf 90' lang='lat' dir='ltr'><strong>mihi</strong></span> <span class='ocrx_word' id='word_1_146' title='bbox 921 3567 1195 3652; x_wconf 88' lang='lat' dir='ltr'><strong>conmilitium</strong></span> <span class='ocrx_word' id='word_1_147' title='bbox 1238 3594 1338 3681; x_wconf 89' lang='lat' dir='ltr'><strong>pro·</strong></span> 
     </span>
     <span class='ocr_line' id='line_1_27' title="bbox 411 3679 1338 3797; baseline 0.004 -33"><span class='ocrx_word' id='word_1_148' title='bbox 411 3679 656 3766; x_wconf 81' lang='lat' dir='ltr'><strong>»fitemini</strong></span> <span class='ocrx_word' id='word_1_149' title='bbox 693 3683 867 3797; x_wconf 80' lang='lat' dir='ltr'><strong>Igitur</strong></span> <span class='ocrx_word' id='word_1_150' title='bbox 856 3713 902 3770; x_wconf 88' lang='lat' dir='ltr'><strong>m</strong></span> <span class='ocrx_word' id='word_1_151' title='bbox 950 3716 1171 3772; x_wconf 88' lang='lat' dir='ltr'><strong>commune</strong></span> <span class='ocrx_word' id='word_1_152' title='bbox 1218 3684 1338 3771; x_wconf 88' lang='lat' dir='ltr'><strong>vobis</strong></span> 
     </span>
    </p>
   </div>
   <div class='ocr_carea' id='block_1_3' title="bbox 440 3912 872 3980">
    <p class='ocr_par' dir='ltr' id='par_1_3' title="bbox 440 3912 872 3980">
     <span class='ocr_line' id='line_1_28' title="bbox 440 3912 872 3980; baseline 0.005 -18"><span class='ocrx_word' id='word_1_153' title='bbox 440 3915 622 3976; x_wconf 62' lang='lat' dir='ltr'><strong>(aldoend.)</strong></span> <span class='ocrx_word' id='word_1_154' title='bbox 623 3912 872 3980; x_wconf 70' lang='lat' dir='ltr'><strong>m.(l)00d.u&#39;.</strong></span> 
     </span>
    </p>
   </div>
   <div class='ocr_carea' id='block_1_4' title="bbox 0 0 1560 4934">
    <p class='ocr_par' dir='ltr' id='par_1_4' title="bbox 0 0 1560 4934">
     <span class='ocr_line' id='line_1_29' title="bbox 0 0 1560 4934; baseline 0 0"><span class='ocrx_word' id='word_1_155' title='bbox 0 0 1560 4934; x_wconf 95' lang='lat' dir='ltr'><strong> </strong></span> 
     </span>
    </p>
   </div>
  </div>
 </body>
</html>
