3109 4934
477 541 481 550 ·
568 499 812 576 PRAEFATIO
971 564 975 579 .
1137 521 1163 571 t

238 650 367 745 exigit,
392 645 558 739 Sequitur
582 647 676 740 apud
701 648 831 718 lulium
864 643 1046 716 Valerium
1078 641 1164 714 Plri-

238 743 335 836 lippi
359 759 482 822 mors,
513 761 655 808 scenico
697 763 809 832 prope
845 763 947 808 more
984 739 1162 820 recitata,

240 858 321 902 cnnt
348 833 543 903 Pausaniae
567 829 811 902 interfectoris
850 831 1056 926 supplicio:
1082 849 1165 924 post

238 949 332 1020 quac
371 929 441 996 iam
476 949 541 994 rex
578 923 782 1030 Alexander
817 924 1033 993 Macedones
1066 940 1165 1030 cete·

236 1041 376 1190 llll&
396 1017 1168 1182 {illittllistlltrn‘1:21

236 1203 380 1287 firmat,
406 1206 558 1274 militem
583 1224 715 1270 novum
740 1201 908 1287 scribit,
925 1200 1070 1295 navigia
1110 1201 1168 1270 ine

238 1297 370 1379 struit,
411 1299 603 1390 pecuniam
642 1312 680 1363 et
717 1313 962 1364 commeatum
990 1291 1167 1372 conficit,

237 1407 313 1460 tum
336 1389 525 1470 Thraciam
550 1407 588 1456 et
611 1387 750 1478 aliquot
772 1387 972 1458 occidentis
990 1387 1166 1482 regiones

237 1485 390 1551 uictoris
413 1483 537 1576 specie
561 1481 769 1574 percurrit,
794 1501 831 1550 et
854 1481 1011 1573 (lenique
1034 1477 1081 1547 atl
1104 1477 1165 1546 Li·

236 1573 344 1666 byarn
370 1595 478 1668 atque
502 1579 702 1669 Aegyptum
720 1575 869 1645 classem
885 1572 1049 1667 appellit.
1074 1572 1166 1640 Heic

234 1690 325 1738 vero
348 1690 431 1761 pars
456 1667 629 1736 historiae
654 1665 881 1751 subtexitur,
905 1687 998 1772 suco·
1018 1662 1167 1759 quidem
1292 1678 1295 1691 ·

237 1761 375 1830 iudicio
401 1760 672 1854 pulcherrima,
705 1785 834 1856 nempe
853 1761 1102 1921 peregrinatio
1120 1754 1168 1825 atl

238 1853 496 1937 Hammonem,
521 1873 558 1922 et
582 1855 794 1946 praesertim
810 1877 854 1921 nr
883 1859 912 1922 is
928 1849 1168 1922 Alexandriae

237 1949 399 2029 natales,
425 1971 516 2041 qnos
550 1968 657 2015 nemo
692 1947 884 2040 quisquam
918 1963 1001 2016 ante
1037 1944 1168 2015 lulium

238 2040 423 2110 Valerium
453 2063 573 2132 neque
604 2057 675 2108 tam
716 2039 903 2108 recondita
937 2037 1193 2118 eruditione,

236 2154 359 2226 neque
383 2131 572 2230 diligentis
595 2151 719 2216 tanta,
744 2155 865 2225 neque
903 2133 983 2226 pari
1015 2132 1168 2200 sortatse

239 2228 451 2318 prolixitate
477 2227 608 2294 litteris
636 2227 926 2324 consignaverat.
965 2225 1109 2318 Quippe
1131 2239 1170 2292 ct

239 2321 388 2388 oracula
412 2319 563 2412 copioso
587 2321 746 2388 carmine
776 2319 902 2400 edita,
941 2337 979 2387 et
1001 2318 1170 2414 prodigia

238 2429 445 2481 nascentem
485 2411 612 2480 urbeur
647 2414 866 2482 auctoritate
903 2411 1107 2495 firmantia,
1132 2428 1170 2482 et

238 2506 392 2574 mirandi
417 2504 575 2574 aedificii
599 2507 834 2589 constructio,
850 2523 959 2602 atque
982 2529 1061 2576 cunr
1087 2505 1169 2574 aliis

238 2597 391 2673 urbibus
418 2600 583 2668 maximis
609 2601 853 2692 comparatio,
876 2601 1170 2692 religionumque

236 2690 597 2787 Agatbodaemouis,
631 2692 778 2775 Protei,
816 2694 1070 2788 Serapidisqne
1107 2691 1172 2761 tle·

238 2785 415 2877 scriptio,
439 2785 618 2879 pluraque
635 2783 815 2855 eiusmodi
841 2789 968 2884 magni
992 2787 1172 2858 lectorem

237 2893 313 2946 tum
336 2879 523 2970 voluptate
538 2877 791 2971 perfundunt,
816 2895 892 2947 tum
910 2881 1019 2950 etiam
1033 2877 1171 2948 doctri-

241 2972 289 3038 ni
315 2988 457 3068 augent.
483 2971 672 3067 Aegyptiis
696 2971 808 3044 rebus
832 2974 1002 3064 peractis,
1019 2968 1064 3039 ad
1086 2971 1175 3062 Tyri

94 3089 96 3097 ’
241 3069 388 3135 moenia
412 3063 513 3132 ducit
549 3064 793 3135 Alexandrum
830 3065 1026 3147 Valerios,
1065 3086 1174 3155 quam

242 3154 372 3226 urbem
397 3174 589 3249 postquam
612 3179 679 3226 rex
701 3179 768 3250 per
783 3157 924 3227 litteras
947 3157 1080 3226 frustra
1097 3179 1177 3228 mos

241 3249 460 3411 tituil:
479 3249 829 3412 {tll‘illssqt‘
863 3249 1176 3414 {limittit}

241 3434 365 3516 Darii,
394 3365 738 3528 Alexandrigstqus
778 3365 1039 3598 salbiaparum,
1082 3459 1178 3530 quac

244 3527 432 3619 antiquam
456 3527 554 3596 illam
579 3545 616 3596 et
629 3549 796 3622 graecam
814 3532 884 3598 scri
912 3528 998 3598 endi
1020 3527 1174 3622 gloriam

243 3619 511 3710 quodammodo
537 3621 733 3689 suscitant:
773 3639 936 3692 veterum
971 3626 1069 3692 euim
1103 3623 1174 3691 Va·

241 3709 361 3785 letius
407 3712 594 3787 interdurn
633 3731 688 3784 sst
727 3715 869 3798 similis,
914 3715 999 3789 l'ost
1035 3733 1180 3800 mutuas
