3109 4934
378 531 423 619 s4
684 489 995 594 'rernmuuvu

379 704 506 792 opere
559 669 757 759 fervente.
803 671 921 772 Quae
977 696 1079 784 vero
1134 669 1308 783 septima

379 793 523 882 civitas
575 791 752 906 exempli
804 811 916 878 metn
965 790 1018 871 ad
1065 791 1309 876 modestiam

379 917 503 1000 dueta
534 934 606 999 est

212 1090 369 1140 mmm..
438 1031 665 1120 LXXXIV..
695 1032 854 1118 Verum
883 1030 943 1114 sic
971 1048 1009 1104 ‹⁶›
1038 1057 1204 1141 quoque
1222 1029 1313 1114 Mn-

190 1156 600 1276 fflffirscundam
630 1153 852 1253 contendit,
880 1149 953 1236 ubi
971 1148 1036 1232 sui
1064 1150 1312 1233 obsederit»

192 1297 304 1396 guar-2·
379 1272 617 1362 nuntiantur
628 1295 688 1373 ω,
718 1292 760 1358 et
777 1293 989 1388 praeterea
1007 1269 1183 1383 Scythae
1196 1289 1311 1356 trans

379 1391 565 1480 Tanaim
583 1395 870 1477 obturbabant
906 1389 1047 1492 Quare
1087 1387 1172 1473 suis
1201 1390 1312 1504 legat
1376 1421 1380 1428 ·

378 1540 556 1630 propere
606 1511 826 1626 suppetias
875 1513 967 1624 Ipse
1017 1505 1213 1622 vicesima
1242 1509 1310 1593 die

378 1638 527 1718 urbem
575 1659 699 1746 quam
747 1628 988 1748 praecoepit
1041 1627 1242 1714 substruit
1270 1645 1309 1710 (ι)

380 1758 516 1868 poeni
558 1749 816 1864 captivorum
856 1779 954 1838 usus
996 1750 1050 1833 ad
1088 1748 1223 1862 operis
1254 1746 1310 1831 fe·

379 1873 640 1957 stinationem
670 1869 744 1957 tali
772 1872 816 1955 in
846 1892 1032 1988 tempore
1061 1868 1309 1954 necessarii:

382 1992 486 2077 dans
528 1991 677 2077 incolis
728 2020 833 2105 quos
880 2011 990 2074 aetas
1033 2008 1104 2074 aut
1137 1989 1311 2073 vulnera

381 2111 708 2224 deprecabantur
727 2170 743 2212 ,-
766 2150 769 2159 v
792 2111 894 2195 item
924 2128 961 2186 ω
995 2108 1184 2193 militiam
1235 2137 1313 2192 no-

381 2231 559 2316 lentibus
583 2231 660 2315 ‘aut
688 2231 811 2316 etiam
840 2227 1142 2344 nequeuntibus
1192 2249 1234 2312 et
1267 2227 1313 2314 in

382 2350 427 2434 id
456 2349 613 2434 idoneis
643 2348 794 2466 peritia
821 2349 1158 2434 necessariorum.

201 2498 365 2560 maraon
440 2469 647 2554 LXXXV.
660 2471 816 2554 Verum
828 2468 1136 2556 imminentibus
1150 2465 1311 2582 Scythis

169 2569 365 2684 ·2‘.1‘.¹‚³'..L²”''
381 2592 578 2702 superbe,
611 2587 685 2699 is(
705 2619 828 2704 saepe
845 2611 879 2665 tr)
897 2609 1089 2675 conatum
1118 2617 1213 2671 cum
1244 2615 1311 2671 sa·

377 2705 534 2793 crificia
572 2710 845 2810 cohiberent,
869 2707 993 2823 idque
1026 2706 1312 2816 creberrime)

376 2827 506 2915 vineit
518 2827 781 2944 imperatoria
804 2827 1109 2944 indignatione,
1128 2826 1313 2914 vinceret

348 2965 356 2988 ·
375 2946 481 3034 ratio
503 2977 608 3063 quae
627 2947 711 3034 fato
725 2950 1039 3056 obviabatotdc
1053 2945 1312 3032 nocteTanai

410 3149 446 3202 (ι)
463 3147 558 3192 Codri.
581 3145 616 3208 (ὃ)
634 3147 671 3191 lt·
687 3145 866 3202 sedetsedet,
882 3155 907 3190 ss
920 3143 1023 3192 inierim
1040 3133 1255 3207 diffidantes
1272 3143 1313 3189 rt·

377 3213 450 3260 detur
460 3214 614 3262 seriberiam
622 3214 793 3260 uiritim.
803 3212 992 3273 (Modiin.
1019 3213 1051 3272 (r)
1073 3213 1133 3260 cod.
1148 3211 1245 3274 tsmpe

417 3353 460 3416 (t)
478 3345 558 3406 cod.
590 3347 708 3406 subruit.
738 3347 796 3403 sed
831 3347 950 3402 omuino
980 3346 1135 3404 dicendum
1162 3347 1307 3406 substruit.

378 3425 481 3497 Agitur
501 3427 577 3482 onim
598 3425 634 3481 ds
654 3425 771 3480 condita
791 3425 969 3481 Alexandria
984 3426 1022 3481 sd
1041 3425 1174 3482 Tanaim.
1203 3424 1311 3481 Recolo

379 3519 445 3573 asp.
467 3515 564 3558 txxxr.
585 3515 614 3556 st
632 3500 790 3558 Arrisnnm
810 3517 851 3559 rr.
871 3501 900 3558 3.

415 3583 458 3649 (a)
478 3577 570 3636 Lorne
591 3579 679 3632 nimio
698 3579 795 3634 studio
813 3578 965 3636 brevitatis
984 3581 1128 3636 obscurus
1140 3619 1151 3647 ‚
1164 3580 1211 3636 rel
1222 3578 1312 3634 etism

376 3669 556 3724 corruptus,
579 3653 677 3710 bsu'rit
706 3657 801 3711 lueem
821 3657 858 3712 ab
889 3656 1016 3712 Arriano
1055 3671 1096 3712 tv.
1127 3669 1155 3729 4.
1187 3657 1238 3729 qui
1270 3657 1313 3711 sit

378 3733 544 3790 Aiess'ndro
572 3749 628 3801 pro
656 3733 780 3788 omnim
814 3732 920 3790 Tanais
943 3735 1120 3792 sacrificanti
1140 3739 1197 3791 ndu
1214 3732 1310 3789 'semel

379 3811 507 3870 infausta
525 3811 607 3882 signs
639 3826 702 3872 esse
735 3807 855 3882 prodita
881 3825 1014 3868 monente
1043 3823 1108 3869 rats
1136 3809 1311 3870 Aristandro
