3109 4934
405 592 411 604 .
513 533 594 616 'ssu
618 539 748 616 ιιιιιι
770 545 859 618 ιιι..
1070 566 1142 642 209

210 723 240 775 n
271 685 467 779 veniendi
507 690 768 795 facultatem,
810 691 1142 810 inspiciendique

211 834 400 896 »terras
445 841 540 898 suas
554 873 570 915 -,
613 835 657 898 et
694 843 901 902 coronare
945 844 1090 900 secum
1110 835 1147 891 (ι)

209 963 238 1012 >>
271 933 417 1017 annuis
438 933 602 1017 talentis
634 963 722 1020 sex:
754 934 1003 1050 quingentas
1022 936 1149 1018 etiam

208 1083 237 1132 >r
269 1053 427 1166 equites
449 1053 677 1138 destinasse
698 1075 876 1143 armatas
897 1074 941 1136 et
957 1079 1149 1140 strenuas

207 1201 236 1252 »
267 1191 313 1255 ut
342 1194 613 1286 poposcerat,
656 1203 765 1288 quae
796 1202 874 1287 per
903 1202 1035 1258 annos
1066 1174 1149 1259 sci·

207 1321 235 1372 »
267 1290 365 1386 licet¹
409 1313 706 1404 permutentur.
751 1294 877 1398 Quod
921 1292 1051 1407 siquis
1097 1324 1151 1379 ex

209 1441 237 1490 n
270 1408 384 1494 hisce
416 1411 469 1494 ad
498 1441 644 1498 sexum
675 1441 799 1499 suum
820 1413 1024 1514 cesserit,
1054 1441 1150 1498 eam
1246 1485 1252 1492 ,

208 1561 237 1610 >r
270 1557 314 1612 se
343 1549 484 1643 patere
517 1553 552 1608 ‹⁴›
586 1532 741 1618 ibidem
768 1533 991 1634 desidere,
1020 1533 1157 1646 inque·

208 1680 237 1730 n
271 1646 361 1733 eius
391 1651 531 1734 locum
569 1653 904 1767 supplementum
933 1654 986 1735 de
1022 1675 1147 1766 gente

209 1800 238 1849 ι)
270 1771 481 1881 postulari.
503 1773 670 1887 Quippe
689 1772 966 1863 Amazonibus
989 1793 1149 1860 certum

209 1919 238 1970 >r
271 1916 360 1974 esse
390 1919 539 2003 parere
559 1891 652 1979 viro
672 1895 865 1992 absenti,
888 1891 958 1976 cui
977 1891 1147 1979 cessisse

99 2045 103 2052 ·
182 2040 237 2096 ,»
270 2009 456 2096 omnium
504 2013 722 2100 hominum
772 2040 927 2129 genera
976 2009 1148 2100 didicis·

210 2161 239 2212 >2
273 2151 366 2212 sent
384 2159 425 2214 ιι.
541 2169 546 2178 ·

44 2271 194 2356 nunna
272 2245 477 2338 LXXVII.
506 2251 582 2340 His
602 2256 784 2370 acceptis
805 2242 1041 2364 'Alexander
1069 2255 1149 2342 iter
1263 2248 1268 2258 ’

20 2351 191 2460 323⁰*
207 2366 255 2452 in
284 2369 518 2456 Prasiacam
546 2373 644 2458 inde
674 2376 896 2489 pervertit,
928 2403 1036 2488 quae
1056 2379 1149 2491 qui.

210 2489 306 2573 dem
336 2489 425 2574 eius
453 2491 581 2576 multa
609 2492 892 2610 peregrinatio
912 2494 1048 2580 labori
1071 2499 1147 2582 ad-

145 2675 149 2682 .
205 2612 380 2708 modum
410 2630 451 2696 et
485 2613 652 2726 plurimi
690 2615 865 2730 periculi
906 2613 995 2724 fuit.
1038 2617 1148 2701 Nam

208 2730 373 2816 aestatis
433 2729 563 2817 ferme
612 2735 698 2820 iam
743 2737 884 2820 medio
938 2737 1149 2849 repentini

210 2850 363 2934 imbres
393 2851 547 2937 fluxere
577 2856 684 2940 adeo
719 2858 994 2941 vehementes
1023 2877 1147 2967 atque

207 2969 416 3071 continui,
445 2995 493 3058 ut
521 3001 609 3058 non
628 2977 763 3060 solum
786 2975 851 3061 vis
872 2973 1149 3060 animantium

194 3085 421 3201 'deperiret
450 3115 495 3176 et
523 3121 812 3208 quaecumque
842 3093 938 3181 usui
968 3093 1148 3179 suntad

211 3207 400 3292 militiam
419 3211 704 3324 putrefierent,
726 3241 874 3301 verum
894 3211 997 3328 ipsis
1019 3211 1147 3299 etiam

211 3357 287 3441 per
315 3329 584 3444 indigentiam
614 3331 897 3421 calciamentis
917 3350 950 3411 (ὃ)
989 3336 1145 3450 pedum

249 3561 284 3624 (ι)
302 3567 339 3611 lta
355 3567 408 3612 eod,
426 3569 469 3614 lut
483 3577 562 3634 autem
579 3573 722 3622 archaismus
733 3574 800 3636 petie
809 3575 958 3640 peperit.
977 3573 1012 3632 (b)
1026 3575 1088 3624 cod·
1100 3572 1143 3622 Vi·

213 3631 284 3678 detur
300 3635 390 3682 babere
407 3633 608 3686 ‘alermum
733 3677 736 3682 -
1063 3694 1067 3701 .

251 3827 294 3894 (ι)
314 3827 406 3883 secun
424 3843 480 3899 pro
498 3845 545 3896 re,
567 3828 610 3886 uti
629 3829 761 3887 oeounir
779 3845 867 3889 recen
884 3847 942 3904 pro
960 3847 1000 3890 te.

1045 3924 1063 3963 ο
