3109 4934
561 529 640 600 sev
665 529 793 600 uum
816 531 878 602 111.
1119 555 1184 629 147

254 669 460 766 fortunam
481 703 701 795 expectare
734 681 874 794 potius
893 700 928 756 ‹⁶›
944 709 1070 794 quam
1099 679 1186 768 uir-

253 820 384 885 tutem
434 820 503 884 aut
544 799 720 912 gloriam
756 801 919 886 ducum
963 803 1185 888 Enimvero

252 921 331 1006 sibi
360 950 446 1004 non
474 920 659 1004 indidem
687 921 854 1004 laudem
888 920 970 1007 viri
981 923 1185 1059 impera·
1254 953 1262 972 ·

251 1061 365 1126 tores
397 1054 438 1130 (ἢ)
477 1059 668 1152 captare,
714 1041 826 1123 uude
876 1031 1051 1127 subditis
1099 1043 1185 1126 suis

249 1159 481 1274 periculum
531 1157 660 1244 fieret
692 1159 923 1296 ⁸Optimum
980 1189 1083 1276 ergo
1138 1163 1185 1244 in
1223 1215 1227 1220 ι

249 1300 427 1392 utroque
455 1278 700 1364 iudicant
660 1279 769 1378 vui,
798 1279 835 1364 si
847 1279 932 1364 suis
950 1277 1035 1392 ipsi
1053 1281 1182 1366 duces

247 1401 439 1484 manibus
471 1398 766 1512 experirentur.
787 1399 911 1502 Quod
939 1397 974 1483 si
992 1401 1102 1484 Poro
1120 1430 1185 1484 oe-

248 1518 383 1618 deret,
403 1516 611 1602 fortunam
636 1515 842 1630 eiusmodi
851 1517 1021 1602 minime
1039 1549 1182 1632 asper-

247 1659 439 1722 naturum
453 1655 500 1720 ot,
520 1639 571 1720 Id
586 1638 787 1727 barbarus
815 1632 895 1720 sibi
921 1636 1067 1722 libenti
1084 1638 1183 1726 satis

249 1753 390 1840 offerri
418 1755 659 1872 profitetur,
694 1753 1006 1872 adquiescitque
1041 1759 1183 1855 condi·

250 1877 352 1960 tioni
365 1907 490 1990 quam
508 1877 737 1962 Alexander
751 1873 919 1960 fecerat:
939 1875 1097 1962 scilicet
1112 1908 1181 1964 ae-

249 1995 480 2081 stimatione
501 1997 719 2081 barbarica
739 1997 793 2079 de
813 1998 940 2080 modo
957 2027 1180 2112 corporum
1295 2080 1298 2087 .

248 2145 484 2202 mensuram
497 2115 648 2201 virium
661 2115 852 2230 metiens,
866 2145 1018 2200 cumae
1031 2146 1181 2232 proce-

248 2235 427 2320 ritudine
448 2235 635 2352 corporis
656 2256 698 2318 et
718 2258 858 2320 cetera
886 2236 1180 2350 magnitudinis

250 2355 521 2470 congruentia
539 2356 663 2468 longe
689 2355 842 2440 distare
874 2359 927 2440 ab
957 2356 1182 2472 exiguitate

247 2475 470 2558 Alexandri
484 2475 733 2589 pervideret,
744 2475 835 2587 ipse
851 2473 1034 2587 quinque
1049 2474 1181 2582 ferme

250 2593 400 2679 cubitis
414 2591 610 2694 evectior,
623 2623 717 2680 cum
729 2595 1011 2678 Alexandrum
1031 2596 1105 2708 qui
1118 2596 1181 2682 vi-

244 2715 422 2799 sitavere
444 2711 513 2798 vix
526 2713 659 2799 tribus
673 2713 824 2798 cubitis
839 2713 1180 2800 numeravissent.

304 2834 415 2917 XIIL
444 2834 536 2916 Hac
554 2833 683 2947 igitur
713 2834 973 2948 arrogantiae
989 2861 1064 2948 spe
1085 2863 1180 2919 cum

245 2953 333 3038 dies
347 2953 504 3067 pariter
520 2972 562 3037 et
576 2955 690 3037 locus
703 2951 865 3065 proelio
882 2953 1130 3038 constitisset
1140 2975 1180 3029 (ο)

277 3104 315 3168 (e)
340 3097 401 3152 (lod.
430 3104 540 3166 prom.
570 3105 604 3161 (l)
631 3105 666 3150 lte
683 3105 738 3150 eod.
756 3105 906 3166 ὶιρσιιαη.

164 3247 180 3274 ,
245 3217 398 3258 contexere
409 3202 617 3258 Aristobulum
625 3201 755 3274 Denique
767 3203 818 3258 elii
829 3203 907 3274 npud
917 3199 1118 3258 ArrianumV.
1130 3214 1174 3274 14

244 3279 327 3335 aiunt
353 3279 551 3334 Alexandrum
570 3277 695 3349 Porique
721 3277 840 3335 filiurn'
832 3294 908 3335 rnter
928 3279 1179 3350 oeconomiam,

246 3358 399 3430 iprumque
418 3355 490 3411 eden
503 3353 700 3411 Alexandrum
718 3375 785 3412 eum
800 3357 967 3430 Bucephelo
986 3357 1177 3415 vulneratum.

285 3437 327 3504 (r)
345 3429 455 3503 Nempe
474 3431 678 3487 Alexandrum.

286 3513 329 3580 (n)
341 3507 411 3562 cod.
423 3508 602 3576 conuenisset,
613 3525 678 3564 nox
690 3509 981 3569 sacramenrorum.
988 3507 1050 3565 Iern
1060 3525 1088 3566 er
1099 3510 1178 3581 epod

246 3583 418 3642 Frontonem
431 3581 472 3646 de.
479 3591 547 3664 Nep·
558 3605 607 3642 uer.
605 3586 666 3640 ed.
679 3586 798 3642 mediol·
807 3603 836 3657 p.
828 3601 912 3660 ··²07
925 3588 1180 3659 legiturconrrrte·

248 3666 297 3729 rit,
309 3661 387 3734 quod
398 3663 517 3740 quidem
528 3663 658 3718 nonnulli
669 3664 749 3719 hrucl
762 3663 885 3719 lomere
895 3662 1022 3719 absurde
1034 3665 1182 3719 melebent

247 3741 379 3796 seribere
398 3757 519 3811 eonem
532 3755 592 3806 eru,
612 3741 662 3796 red
683 3755 780 3796 temen
799 3743 869 3794 etin
882 3742 983 3796 codiee
997 3740 1160 3796 leomon'n
1114 3760 1160 3795 nn
1161 3759 1180 3794 o

248 3817 410 3889 interpungi
433 3817 547 3872 videtur
576 3831 641 3886 port
669 3817 836 3882 conseruerit,
861 3833 928 3873 et
907 3821 1019 3889 prior·
1013 3816 1045 3870 ··1
1065 3817 1176 3872 Valerii

246 3899 395 3968 scripture
407 3913 468 3950 rem
489 3893 700 3968 quodammodo
720 3893 879 3950 confirmet.
