3109 4934
394 523 436 590 28
646 517 899 588 inermen
923 493 1066 588 ortvs

389 666 649 776 laboravitw:
663 667 849 779 quamvis
863 666 1149 750 Cleomenes&
1163 659 1321 749 Ecnau·

391 809 527 872 cratus
542 807 579 860 ‹³›
595 806 636 870 et
654 788 901 870 Dinocrates
918 787 1089 870 rhodius
1108 806 1144 862 ‹⁴›
1163 787 1208 869 in
1228 817 1321 870 eam

390 907 636 990 sententiam
666 933 748 989 non
780 907 1052 1004 accederent,
1087 927 1135 988 ut
1167 926 1322 988 tantam

390 1026 504 1109 illam
523 1029 696 1126 urbem,
727 1048 880 1139 quanta
907 1054 1019 1109 nunc
1040 1045 1126 1123 est,
1155 1025 1233 1108 niti
1253 1029 1322 1109 de-

390 1150 528 1229 beret:
558 1148 672 1258 quod
701 1175 837 1257 neque
867 1145 1018 1257 repleri
1038 1143 1320 1229 aedificiorum

390 1265 520 1376 spatia
546 1263 590 1348 'et
619 1286 724 1362 tecta
753 1287 789 1340 (ι)
824 1265 953 1348 turbis
997 1266 1319 1378 competentibus

428 1519 463 1584 (a)
475 1520 533 1566 ced.
551 1530 575 1566 at
588 1520 630 1566 ἐκ.

428 1674 470 1737 (ι)
490 1671 562 1724 Ante
591 1665 623 1722 ·1·
643 1665 792 1722 Valerium
811 1667 920 1722 editum
943 1686 1026 1722 neme
1048 1669 1252 1724 Alexandriam
1272 1687 1322 1723 co·

390 1747 502 1818 pioriua
523 1745 710 1800 deacribebat
729 1763 816 1817 quam
836 1744 942 1801 Strabo
962 1758 1037 1800 xvir·
1055 1764 1084 1816 p.
1103 1761 1170 1821 791.
1191 1761 1220 1800 et
1239 1759 1322 1818 eeqq.

391 1843 477 1895 quem
500 1823 632 1877 conferre
652 1841 717 1876 eum
738 1825 794 1877 hoe
813 1824 1057 1892 noetroductore
1077 1825 1202 1894 pretium
1216 1842 1321 1893 operae

392 1902 458 1956 erit.
479 1900 568 1954 Immo
588 1901 723 1970 queniam
744 1919 808 1970 cap.
828 1915 896 1954 xxv.
916 1901 1043 1970 acriptor
1057 1901 1106 1954 hie
1119 1902 1322 1972 riveAerepna

392 1979 453 2032 aive
473 1976 608 2031 Valeriae
629 1993 659 2031 te
679 1977 777 2047 prodit
797 1975 1047 2045 Alexandrinum,
1077 1980 1131 2032 hae
1152 1978 1271 2051 quidem
1291 1981 1322 2032 in

392 2074 424 2109 re
443 2072 500 2108 neu
520 2047 709 2126 aperiendam
729 2056 787 2110 eibi
806 2055 936 2109 vindieat
958 2054 1170 2111 auctoritatem.

430 2134 471 2199 (a)
499 2131 533 2186 In
564 2133 730 2188 architecti·
761 2131 954 2186 Alexandriae
986 2130 1143 2188 &enirm
1173 2143 1323 2185 numerant

391 2207 477 2262 etiam
491 2208 618 2264 Iurtinua
632 2223 699 2264 1111.
711 2223 739 2280 4.
760 2222 789 2264 et
808 2211 899 2264 codex
918 2227 1038 2280 graecna
1059 2211 1151 2264 ambr.
1170 2210 1209 2262 At
1222 2209 1322 2262 Arria·

390 2304 445 2339 nua
465 2286 520 2342 111.
535 2284 561 2342 5.
582 2287 744 2343 Cleomenen
760 2288 956 2358 praeponitum
968 2288 1094 2342 Arabiae
1106 2287 1143 2341 ab
1155 2285 1323 2341 Aiexandre

392 2362 474 2417 dicit.
488 2363 606 2419 Curtiur
618 2377 658 2418 tv.
673 2361 700 2419 8.
721 2364 840 2419 Africae
852 2377 880 2416 et
895 2365 1016 2437 Aegypti
1036 2364 1246 2436 vectigalibne,
1265 2362 1325 2416 aci·

391 2439 461 2494 lieet
478 2455 631 2513 postquam
651 2441 856 2496 Alexandrian
875 2441 1099 2509 aedificaverat,
1125 2455 1157 2496 ut
1175 2441 1217 2495 ait
1236 2440 1325 2493 lueti-

391 2534 445 2571 nur
465 2517 531 2572 leco
551 2519 649 2572 citato.

429 2593 472 2662 (3)
492 2595 562 2659 ced.
584 2595 734 2652 cleonem
752 2615 784 2649 ec
804 2598 973 2662 Naucrates,
991 2606 1021 2649 et
1040 2611 1105 2665 cap.
1122 2607 1230 2648 mni.
1251 2593 1327 2648 σιω·

390 2689 464 2727 mene
481 2671 516 2728 de
537 2677 683 2732 Naucrate.
703 2671 846 2729 Arrianae
860 2671 913 2727 111.
929 2669 957 2726 5.
976 2673 1064 2728 hebet
1084 2669 1252 2744 Κλεομένην
1272 2671 1325 2730 ede

389 2752 619 2823 Ἐκναυκράτωφ
646 2749 686 2802 ita
706 2763 736 2803 nt
755 2751 794 2804 rit
812 2769 886 2804 unua
907 2749 1042 2821 idemque
1061 2750 1116 2804 vir.
1146 2749 1278 2804 Iamvero
1297 2748 1326 2802 ei

392 2827 431 2880 ad
448 2828 573 2900 primum
594 2828 627 2885 ·1·
641 2823 752 2883 Valerii
772 2828 868 2882 locum
887 2828 1048 2898 rupinae,
1068 2827 1155 2882 facile
1173 2839 1257 2897 putee
1277 2843 1325 2880 er-

390 2921 459 2961 rote
486 2905 604 2962 librarii
634 2907 741 2961 sactum
768 2923 798 2960 ac
825 2909 980 2961 Naucrates
999 2923 1053 2976 pre
1071 2910 1278 2966 Beneuentum
1298 2902 1347 2956 ei-

392 2982 429 3036 ad
449 2983 629 3053 retundunt,
652 2999 709 3036 nen
728 2981 872 3036 immerite
891 2981 1048 3051 auepicerir
1067 2983 1163 3053 iprum
1182 2981 1216 3036 ·1·
1236 2979 1324 3034 Veie-

391 3059 468 3115 rium
480 3063 652 3116 vocabulum
664 3060 769 3131 Aeropi
781 3060 1010 3137 ‘Rxeeexpdcm
1027 3059 1246 3131 interpretatum
1260 3075 1324 3110 eere

392 3137 430 3202 de,
444 3140 688 3209 Naucrate.‚Quae
717 3153 874 3210 utcumque
893 3158 939 3193 ree
961 3137 1135 3205 rehabuit,
1155 3137 1251 3191 locum
1271 3151 1323 3205 ege

393 3215 429 3268 ad
450 3216 604 3271 Attianum
623 3214 724 3288 exegi,
754 3235 931 3290 quamquam
950 3234 1003 3272 nec
1022 3213 1163 3270 Arrianae
1185 3213 1324 3267 varietate

392 3291 527 3347 lectioni·
548 3309 637 3349 earet.
1289 3351 1293 3356 ,

429 3373 470 3437 (4)
492 3372 649 3426 Dinocran'e
669 3369 823 3424 architecti
843 3368 1035 3425 meminerunt
1061 3369 1226 3422 Ammianue
1247 3377 1322 3418 xxtt.

395 3439 438 3498 16.
456 3443 603 3502 Vitruviae
616 3448 708 3518 praes.
721 3446 771 3500 lib.
787 3447 826 3502 11.
844 3446 957 3502 Seiinna
974 3460 1071 3500 mn.
1091 3444 1227 3500 Valeriae
1245 3441 1322 3495 Max.

392 3519 416 3572 Ῑ.
436 3533 464 3589 4.
484 3521 601 3594 aliique.
616 3523 791 3594 corruptum
806 3525 920 3578 videtur
935 3542 1036 3578 nemen
1056 3525 1227 3579 Dinochares
1246 3518 1324 3588 apud

390 3595 515 3652 Plinium
526 3597 562 3656 V.
582 3615 650 3656 aect.
667 3615 709 3654 11.
730 3616 758 3655 et
778 3615 879 3656 xxxiv.
892 3613 962 3654 teet.
974 3613 1020 3671 42.
1041 3601 1200 3655 Antonium
1213 3594 1323 3653 Meteli.

392 3693 421 3729 v.
440 3673 505 3728 312.
527 3675 624 3731 Codex
645 3675 711 3730 item
732 3695 851 3748 graecu·
871 3677 964 3733 ambr.
990 3695 1080 3748 prave
1110 3677 1197 3732 babet
1217 3680 1324 3733 ‘lm-

394 3753 509 3825 κράτης.
531 3754 605 3824 Quin
626 3767 654 3808 et
673 3753 744 3808 aliar
768 3754 969 3827 corruptione·
982 3756 1151 3811 vincebam
1170 3766 1200 3808 et
1218 3755 1325 3826 Χειρο-

392 3831 548 3966 μῠκέἓῖτηςὴ
557 3845 596 3966 εξ
605 3833 798 3907 Δημοκράτης
815 3833 948 3890 emendat
966 3832 1120 3889 Salmaaiue
1148 3849 1235 3889 exerc.
1251 3830 1323 3909 plin·

390 3925 419 3982 P·
480 3923 509 3985 7²
549 3948 556 3966 ·
597 3947 605 3962 ·
1165 3947 1167 3951 ·
