3109 4934
515 543 809 618 sarrnsan.
1062 550 1127 642 129

202 723 232 778 n
264 721 315 780 er
346 693 532 809 Aegypto
574 695 724 809 quibus
766 723 915 780 aureae
948 688 1125 813 ¹quoque

204 849 232 896 >a
264 843 455 914 coronae,
484 843 551 900 res
570 836 708 900 autem
723 839 757 894 (ι)
776 838 825 900 et
837 815 1009 901 amictus
1025 845 1125 932 pur·

154 1001 158 1007 .
201 967 230 1015 n
262 963 412 1072 puteus
429 958 490 1021 est
510 937 734 1052 permissus
748 948 772 1019 ·:'
792 957 1036 1050 praeterque
1055 966 1126 1022 eos

205 1087 233 1136 ›>
261 1054 467 1170 ingressus
488 1075 646 1141 ceteros
665 1085 772 1142 sacn
760 1056 1010 1170 templique
1029 1084 1128 1169 pro·

204 1206 233 1255 n
261 1175 398 1260 hiberi
426 1169 648 1314 [placuitl
679 1177 837 1262 Iudicia
867 1178 991 1260 etiam
1020 1193 1127 1286 quae

203 1327 232 1378 n
262 1295 386 1410 vulgo
406 1295 600 1410 privatim
629 1296 803 1408 quisque
833 1291 1029 1394 faciebat,
1048 1293 1128 1397 nisi

204 1445 232 1495 n
263 1443 340 1530 per
358 1413 516 1500 curiam
545 1415 752 1528 publicam
782 1415 993 1498 civitatum
1018 1413 1126 1498 cele-

202 1565 232 1616 »
261 1535 376 1620 brari
395 1563 482 1620 non
511 1533 658 1620 licebit.
689 1534 802 1619 Ac
770 1563 805 1618 ει
821 1555 987 1648 praeter
1020 1534 1126 1618 haec

203 1653 410 1767 »aliquis
448 1683 568 1742 ausus
598 1655 700 1754 erit,
745 1653 877 1740 bostis
919 1652 1126 1770 supplicio

203 1805 232 1853 n
261 1775 500 1890 punietur».
520 1775 572 1858 Et
591 1777 695 1860 haec
714 1775 881 1888 quidem
894 1773 1128 1858 Alexander
1216 1860 1220 1872 ,

202 1895 352 1978 usibus
375 1895 564 2008 publicis.

56 2046 114 2090 n.
115 2039 189 2089 aaut
263 2013 369 2100 XLI.
400 2014 523 2118 Quod
538 2042 638 2098 vero
653 2013 706 2096 ad
734 2013 1127 2126 conprehendendos

23 2111 173 2294 ΞΓ
111 2182 188 2226 a...
174 2127 275 2218 ‘eos
305 2134 376 2244 qni
406 2131 580 2219 Darium
600 2129 867 2218 vulneribus
854 2152 1129 2232 incesserant,

53 2249 155 2296 ”lm
205 2252 305 2337 dicit
323 2253 437 2338 baec.
451 2285 478 2335 <c
498 2229 701 2366 Equidem
718 2280 786 2335 me
797 2251 958 2366 gaudeo
969 2251 1130 2338 hostem

205 2403 233 2452 n
261 2372 486 2457 maximnm
504 2373 679 2456 Darium
693 2369 994 2485 subrogasse,
957 2398 1128 2484 crusque

205 2521 233 2572 n
263 2512 435 2576 mortem
456 2491 552 2576 licet
568 2491 657 2605 ipse
676 2511 891 2577 exsecutus
917 2517 1001 2580 non
1020 2489 1129 2592 sim,

204 2612 397 2696 »babeo
446 2631 582 2696 tamen
627 2607 740 2694 hisce
771 2609 843 2722 qui
880 2609 925 2694 id
953 2607 1154 2696 fecerint.

205 2761 235 2810 n
264 2731 445 2846 gratiam.
480 2732 619 2837 Quare
661 2727 773 2843 quod
806 2728 1130 2815 benivolentiam

204 2881 232 2932 n
264 2863 380 2935 suam
422 2879 520 2966 erga
567 2849 651 2938 mei
694 2848 875 2934 studium
917 2847 1131 2965 protestati

205 3001 232 3050 n
266 2985 378 3072 sunt,
396 2971 426 3056 ii
457 2973 611 3085 quique
625 2987 665 3060 „l”
684 2987 781 3054 sunt
799 2988 986 3052 auctores
1005 2969 1129 3052 huiu-

150 3137 151 3140 κ
208 3119 236 3170 n
265 3119 359 3192 sce,
379 3093 525 3174 hortor
554 3120 602 3174 ac
630 3117 781 3174 moneo
810 3087 871 3171 uti
890 3116 935 3173 se
956 3088 1132 3202 prodant

112 3246 122 3258 ¹
207 3241 235 3289 n
264 3210 447 3322 mihique
466 3209 677 3308 indicent,
700 3209 882 3322 praemia
908 3206 1046 3291 debita
1062 3235 1130 3290 re·

205 3357 234 3412 u
267 3329 436 3443 cepturi.
454 3329 573 3414 Neve
585 3329 694 3412 istud
723 3329 769 3412 in
799 3325 1035 3442 ambiguum
1054 3327 1131 3410 du·
1225 3322 1230 3333 ’

208 3477 235 3526 n
267 3450 467 3560 biumque
481 3448 575 3560 quis
588 3445 824 3547 transferat,
838 3448 930 3531 iuro
944 3448 1133 3532 maiesta-

63 3647 66 3656 .
207 3595 236 3648 >›
269 3589 352 3650 tem
372 3567 498 3681 patris
529 3565 772 3653 Hammonis
802 3587 844 3652 et
868 3566 1131 3688 Olympiadis

240 3851 275 3908 (a)
292 3849 350 3896 (lod.
368 3857 448 3910 unm.
466 3847 501 3907 (l)
516 3847 575 3894 (lod.
593 3861 685 3912 quoque.

916 3937 919 3943 ·
1046 3908 1059 3964 i
