3109 4934
383 533 430 621 ιι
639 524 895 600 ιιιιιιιιιι
920 525 1064 598 onrvs

381 711 408 762 ιι
443 679 607 766 habena
637 679 834 762 admonet
850 694 891 760 te
911 675 1152 790 disciplinae
1183 676 1319 764 rideri

383 833 410 882 >›
440 797 722 915 indigentem
744 798 829 914 pila
845 826 946 883 vero
976 801 1090 912 quod
1110 797 1197 883 eius
1217 829 1321 884 con·

383 953 409 1002 >s
443 941 565 1037 gruat
594 949 689 1005 cum
710 941 782 1004 tua
801 917 978 1002 aetatula
1003 916 1201 1021 lusitano,
1233 949 1320 1005 non

383 1075 410 1124 ιι
442 1044 545 1127 haec
576 1068 701 1155 opera
731 1067 856 1154 quam
891 1039 1225 1133 latrocinantium
1263 1037 1320 1122 ri·

385 1194 412 1244 a
443 1183 488 1246 tu
524 1191 619 1246 cum
653 1157 734 1245 tuis
769 1156 974 1244 similibus
1010 1191 1052 1244 es
1083 1161 1313 1274 adgressus.

387 1313 415 1365 n
445 1283 591 1394 Neque
612 1279 723 1364 enim
749 1277 786 1362 si
814 1307 937 1362 omne
961 1277 1163 1365 eiusmodi
1183 1275 1318 1362 homi·

381 1433 414 1486 »
446 1428 545 1483 num
584 1427 713 1514 genus
742 1400 796 1483 ad
824 1419 865 1482 te
893 1397 984 1513 pari
1016 1396 1317 1513 conspiratione

385 1555 412 1604 >s
445 1518 734 1620 conduxeris,
785 1521 1039 1633 adtemptare
1094 1540 1317 1632 qtmtereve

385 1674 412 1723 ι)
442 1642 660 1726 Persarum
712 1637 933 1755 imperium
983 1667 1122 1753 queas.
1185 1639 1318 1722 Tanta

384 1793 411 1842 ιι
441 1760 594 1876 quippe
643 1761 746 1846 mihi
794 1759 1012 1845 multitudo
1062 1758 1318 1844 exercituum

385 1911 413 1962 n
444 1883 590 1981 adest,
639 1904 687 1967 ut
725 1880 819 1994 quis
861 1878 1107 1995 promptius,
1135 1883 1319 1964 harenae

386 2033 413 2082 a
444 2029 568 2116 quam
583 2003 713 2087 nostri
728 2030 921 2086 numeros
936 2003 1192 2114 adsequatur.
1212 2000 1318 2084 Auri

386 2151 413 2202 ι)
442 2150 567 2236 porro
588 2121 832 2239 argentique
855 2150 904 2205 ea
923 2121 1059 2236 copia,
1078 2140 1126 2203 ιιι
1144 2123 1318 2204 humum

383 2273 411 2322 ι)
443 2239 599 2356 ipsam,
643 2243 679 2328 si
721 2240 888 2326 libitum
919 2261 1009 2342 est,
1051 2262 1316 2326 consternere

385 2393 412 2441 a
442 2361 627 2447 indidem
656 2360 822 2477 possim.
868 2361 1009 2466 Quare
1050 2358 1126 2444 tibi
1161 2360 1318 2446 loculos

382 2511 409 2560 n
445 2481 536 2564 auri
565 2480 855 2567 refertissimos
884 2479 1003 2581 misi,
1045 2501 1092 2566 ιιι
1129 2479 1165 2564 si
1203 2479 1315 2566 indi·

388 2631 416 2679 »
448 2599 564 2716 gabis
583 2601 816 2717 sumptibus
835 2603 888 2684 ad
908 2600 1209 2702 reversionem,
1239 2599 1318 2684 tibi

388 2752 415 2801 n
448 2721 611 2836 tuisque
641 2725 795 2808 habeas
816 2724 929 2836 quod
946 2717 1162 2806 suffecerit
1192 2722 1318 2826 Quod

387 2873 415 2924 ιι
445 2843 480 2929 si
509 2843 624 2928 hisce
655 2843 821 2929 monitis
851 2873 899 2927 ac
938 2841 1170 2958 praeceptis
1211 2841 1316 2926 ulte·

385 2995 413 3044 ι)
445 2962 530 3049 rius
561 2961 800 3081 refragare,
840 2961 998 3046 mittam
1027 2962 1214 3078 protinus
1243 2961 1316 3073 qui

384 3116 410 3165 ι)
445 3106 484 3172 te
501 3090 845 3202 comprehensum
856 3085 937 3167 huc
951 3081 1205 3170 transferant
1219 3083 1326 3184 Non⁸

385 3239 411 3287 ι)
444 3204 554 3292 enim
585 3229 631 3290 ιιι
660 3206 841 3322 Philippi
871 3202 980 3288 filius
1004 3208 1251 3289 coercebere
1271 3234 1314 3285 ι).

187 3351 304 3466 mua·
297 3351 362 3464 3¹5¹*
440 3327 585 3412 XLIII.
618 3328 693 3412 His
722 3327 839 3412 lectis
875 3327 927 3409 ab
970 3323 1203 3413 Alexandro
1242 3321 1321 3436 pu-'

257 3420 647 3577 fflblicatisque,
690 3469 824 3532 metus
865 3445 1065 3560 plurimos
1108 3441 1316 3558 quatiebat

371 3561 579 3651 dictorum
613 3561 1009 3681 magniloquentiam
1035 3563 1314 3698 contemplan-

370 3704 442 3768 tes
476 3685 600 3790 Quod
634 3685 707 3769 ubi
747 3685 981 3769 Alexander
1016 3705 1154 3770 mente
1189 3682 1315 3766 intui·

368 3823 431 3890 tus
480 3827 581 3905 est,
630 3805 676 3888 in
717 3809 822 3891 haec
862 3809 993 3893 verba
1022 3807 1314 3892 concionatur:
