3109 4934
416 517 478 588 132
665 512 922 590 romanulo
945 515 1083 588 tctvs

411 697 440 748 ιι
470 666 566 754 Diis
595 665 798 754 inclinare
828 665 948 750 Darii
977 695 1130 751 nomen
1186 669 1240 751 ab
1270 666 1339 752 illa

412 819 441 868 ιι
472 785 659 904 potentia
697 786 913 886 libuisset,
951 787 996 870 in
1046 807 1090 870 te
1128 789 1250 872 nobis
1297 808 1340 872 et

414 937 442 988 ιι
472 909 580 994 illius
610 907 790 1024 dignitas
820 925 863 990 et
890 935 987 1021 spes
1017 905 1152 990 omnis
1181 906 1352 992 incolo--

410 1057 439 1107 ιι
472 1029 552 1114 mis
588 1045 622 1106 to
670 1047 932 1126 servaretur,
975 1055 1102 1142 quem
1142 1027 1341 1112 virtutum

413 1177 442 1230 ιι
472 1147 631 1233 scilicet
648 1146 737 1260 [et]
755 1146 999 1265 sapientiae
999 1145 1147 1230 merito
1167 1145 1339 1260 dignum

412 1299 440 1348 ιι
471 1264 640 1352 fortuna
688 1295 764 1350 sua
817 1265 952 1350 nullus
994 1255 1232 1348 addubitet
1288 1267 1337 1348 Id

413 1417 449 1468 ιι
474 1413 574 1524 ergo
629 1407 676 1470 nt
726 1384 888 1468 cunctis
936 1385 997 1468 ita
1044 1385 1168 1480 nobis
1216 1414 1339 1499 prae-

414 1536 443 1586 »
474 1506 595 1620 cipue
624 1503 828 1616 voluptati
848 1523 937 1604 est,
967 1531 1071 1618 qnas
1086 1522 1121 1578 (ι
1147 1525 1191 1586 et
1207 1505 1253 1588 in
1269 1505 1337 1588 illo

413 1655 441 1707 ιι
474 1654 598 1712 versu
614 1645 647 1703 to
680 1622 869 1709 fortunae
898 1623 1073 1708 nibilum
1120 1623 1238 1707 triste
1269 1655 1337 1709 ex·

415 1777 442 1826 ιι
471 1743 602 1860 periri
637 1743 929 1842 contenderis,
960 1763 1004 1826 et
1047 1740 1213 1828 habitas
1261 1773 1338 1859 pro

413 1895 440 1946 ιι
472 1865 604 1950 veteri
633 1893 682 1949 ac
713 1863 774 1946 tui
794 1863 973 1947 nominis
997 1863 1197 1978 dignitate
1227 1893 1336 1949 nunc

413 2015 441 2064 ιι
473 1985 614 2070 etiam
627 2011 758 2098 regno
788 1983 1026 2097 participes.
1054 1982 1187 2098 Igitur
1217 1985 1335 2069 nobis

413 2133 440 2182 ιι
471 2101 685 2220 qnoniam,
704 2102 953 2203 Alexander,
974 2101 1086 2218 quod
1104 2101 1262 2187 Darius
1278 2131 1335 2203 es;

410 2251 437 2302 ιι
470 2222 516 2307 in
544 2245 586 2311 te
616 2219 738 2310 nobis
768 2224 884 2308 Deos
915 2242 958 2305 et
985 2226 1172 2307 Deorum
1208 2225 1335 2307 bene·

411 2373 440 2424 ιι
458 2343 566 2430 ficia
584 2371 869 2428 numeramus:
888 2344 1081 2453 hancque
1101 2341 1276 2456 gratiam
1291 2361 1338 2426 ut

411 2493 438 2543 ιι
469 2463 546 2548 tibi
566 2463 807 2562 confessae,
844 2463 904 2546 ita
934 2466 1152 2547 Persarum
1171 2491 1336 2573 quoqne

295 2577 297 2584 ’
406 2611 436 2662 ιι
470 2584 713 2697 proceribus
751 2581 891 2696 palam
931 2578 1106 2665 fecimus
1152 2580 1338 2696 ipsorum

303 2713 305 2720 ’
410 2731 439 2781 ιι
470 2701 594 2786 etiam
624 2731 699 2787 vos
726 2718 763 2778 to
805 2702 995 2785 Deorum
1041 2699 1337 2784 immortalium

410 2852 439 2904 ιι
470 2821 653 2908 numeris
711 2841 753 2906 et
808 2819 1016 2906 consortio
1066 2847 1335 2936 congregare.

409 2973 438 3024 ιι
469 2943 612 3047 Quare
641 2963 780 3028 tecum
808 2971 893 3025 una
922 2939 1037 3054 qnod
1055 2937 1176 3024 iubes
1199 2941 1336 3024 Roxa-

407 3091 435 3142 ιι
469 3092 552 3146 nen
572 3093 737 3178 quoqne
756 3061 953 3174 deinceps
973 3060 1320 3146 venerabimur»

151 3223 157 3238 ι
266 3201 400 3264 unvu-
342 3209 400 3248 w·
466 3183 589 3268 XLV.
619 3184 671 3268 Et
699 3183 806 3267 baec
835 3181 1007 3296 quidem
1041 3181 1236 3264 mulieres
1283 3181 1335 3262 ad

222 3271 400 3386 pra
337 3285 400 3331 ''²‘'
406 3330 563 3414 regem.
605 3302 789 3406 Eaedem
839 3321 1030 3386 autem
1005 3319 1041 3374 t>
1070 3301 1246 3412 satrapis
1291 3320 1334 3382 et

407 3399 674 3534 optimatibus
703 3419 823 3505 talia
863 3453 891 3502 «
939 3420 1123 3556 Agamus
1165 3419 1334 3532 largiter

405 3571 434 3620 ιι
464 3537 557 3624 Diis
575 3539 877 3623 immortalibus
890 3539 1061 3652 gratias,
1075 3540 1188 3650 quod
1202 3538 1335 3624 Dario

439 3745 1240 3826 <e)1troo..cbud(l,Cod.qrcr(tcodmthmmtdtffl.
1257 3747 1335 3804 nm

407 3815 605 3874 (Ur->eodem
