3109 4934
555 481 801 564 rrrrrsrro
1093 503 1153 566 w
1208 461 1216 476 ’

223 634 594 719 commendavissent,
620 655 692 710 tam
731 636 901 732 exiguum
934 659 1061 710 eornm
1083 663 1153 712 nn-

220 755 359 804 merum
395 747 549 800 aetatem
583 729 734 810 tulisse,
775 753 896 824 neque
933 733 973 800 iu
998 734 1152 828 amplio-
1292 719 1300 740 ⁸

174 855 177 864 ·
217 825 322 896 ribos
346 822 513 898 codicum
536 823 723 916 apothecis
747 823 862 894 latere
891 825 1050 918 aliquem
1087 851 1151 898 ve·

219 920 309 988 teris
339 933 446 988 notre
479 917 721 1011 scriptorem,
755 916 796 986 in
831 939 906 1011 quo
943 919 1152 992 Macedonis

219 1017 333 1082 vitam
357 1033 437 1079 cum
463 1010 680 1082 eruditionis
702 1009 824 1082 fructu
861 1011 1027 1082 lectitare
1063 1015 1154 1084 lice·

55 1133 145 1178 coos:
162 1145 206 1176 „e
220 1123 289 1174 ret.
314 1103 408 1178 Eece
432 1121 551 1176 autem
569 1103 608 1172 in
625 1103 694 1176 hae
709 1105 950 1200 vestigatione
976 1107 1155 1177 curiosior

28 1203 87 1281 ⁵3¹³·
106 1203 204 1247 ‘mr
221 1215 459 1290 occupatum,
484 1197 694 1290 praeclarus
719 1215 871 1290 repente
905 1197 1156 1271 ambrosianos

32 1283 124 1320 “³⁸¹¹
222 1290 338 1361 codex
354 1293 390 1358 (¹)
408 1313 464 1360 me
482 1314 570 1384 prae
596 1291 727 1398 ueteris
753 1290 911 1398 perculit
924 1311 1157 1389 mentemque

221 1381 1032 1552 dntiddi'bdddviitudridffldind·cdrdledlddedlddddn
1049 1403 1157 1553 {ehtd-

222 1574 268 1642 sti
294 1595 428 1643 nonum
453 1571 492 1642 in
525 1569 745 1648 membranis
770 1590 939 1642 exaratur
975 1596 1033 1643 rer
1069 1575 1158 1644 Aie-

220 1664 350 1739 xaudri
374 1683 494 1762 gestas
518 1665 628 1740 latina
646 1665 771 1760 lingue
796 1665 984 1736 intubas
1005 1666 1157 1751 Rursus,

219 1783 262 1834 re
289 1755 500 1857 diligentius
525 1757 781 1842 considerata,
806 1758 1036 1853 deprehendi
1060 1763 1159 1832 eius-

223 1852 304 1924 dem
326 1851 530 1950 argumenti
553 1851 594 1924 in
618 1852 746 1924 eodem
772 1851 899 1923 codice
929 1854 1157 1924 lucubratio·

223 1968 289 2015 nes
307 1966 384 2018 etse
401 1943 490 2017 durs
500 1993 511 2030 ,
528 1945 688 2038 priorem
708 1944 856 2038 quidem
871 1947 1000 2018 alulit
1012 1948 1161 2018 Valerio

226 2037 383 2130 quodam
407 2037 655 2121 elaboratam,
679 2061 788 2131 quam
811 2039 850 2108 in
873 2041 985 2110 alium
1008 2041 1159 2112 dicendi

224 2131 348 2202 locum
369 2131 498 2204 reiicio
521 2137 582 2214 (θ’,
607 2133 851 2224 posteriorem
881 2156 1062 2225 anonymo
1085 2138 1159 2206 Au·

226 2243 352 2306 crore,
379 2231 487 2332 atquo
512 2243 724 2296 auronum
760 2247 1005 2298 rmurnanrmr
1026 2229 1160 2299 inseri·

48 2358 140 2420 om
151 2373 209 2404 ω,
226 2334 337 2413 ptam.
361 2319 476 2390 Huius
502 2335 621 2390 autem
636 2317 705 2388 sub
717 2318 847 2414 primia
864 2319 987 2390 verbis
1011 2324 1161 2394 ntCon·

30 2412 351 2484 tenuvsnsasstantii
376 2413 629 2506 imperatoris,
654 2414 713 2484 cai
738 2413 912 2484 videlicet
938 2413 1038 2485 istud
1067 2438 1160 2511 opus

225 2506 473 2599 componitur,
489 2529 619 2580 nomeu
637 2508 754 2578 oculis
772 2510 966 2603 umrpmi,
982 2528 1070 2584 tuuc
1094 2510 1161 2579 dc-

225 2601 338 2709 nique
362 2621 403 2670 re
433 2601 663 2693 inexpectata
698 2603 844 2700 gerione
874 2620 990 2674 totum
1022 2627 1080 2674 me
1116 2603 1164 2674 ad

226 2713 400 2788 scriptum
426 2696 570 2790 penitus
596 2693 889 2792 cognoscendum
926 2696 1048 2766 studio
1081 2698 1161 2766 ani·

225 2811 359 2881 moque
374 2788 562 2872 transtuli,
589 2790 770 2884 coepique
796 2793 918 2884 operia
943 2793 1163 2884 antiquitate

224 2881 377 2955 mirifice
401 2881 593 2956 delectari.
612 2883 834 2977 scriptorem
861 2882 958 2952 enim
983 2883 1165 2952 Ammiani

222 2975 426 3046 Marcellini
464 2977 742 3074 symmachique
766 2979 923 3060 oratoris
950 2977 1164 3070 aequalem,

224 3069 335 3140 immo
359 3069 418 3142 his
452 3071 563 3140 etiam
587 3072 697 3165 paulo
724 3073 930 3155 seniorem,
955 3092 1021 3138 cur
1046 3065 1165 3168 negli-

226 3162 383 3260 gendum
423 3161 701 3236 existimarem?
743 3165 815 3234 Cur
852 3189 928 3234 non
967 3163 1088 3234 statim
1121 3163 1164 3234 in

224 3256 415 3350 pubiicum
438 3279 544 3328 usum
567 3278 605 3328 et
627 3259 747 3330 locem
771 3257 1058 3351 protrahendum
1099 3279 1164 3328 cn-

224 3346 371 3421 ratem?
410 3349 627 3424 Praesertim
647 3373 770 3446 quum
810 3367 849 3422 et
871 3374 1009 3422 summa
1034 3373 1163 3422 rernm

225 3447 362 3514 veritas
403 3459 480 3516 toro
503 3447 641 3541 scripto
665 3447 917 3532 elucesceret,
952 3462 989 3515 et
1012 3462 1163 3541 propter

227 3537 301 3606 stili
326 3539 550 3624 novitatem,
573 3541 721 3638 linguae
746 3559 893 3634 qnoque
926 3539 1065 3610 latinae
1099 3561 1165 3608 co·

226 3629 305 3724 pias
330 3649 474 3702 auctum
496 3635 544 3704 iri
566 3633 741 3704 viderem.

264 3793 307 3858 (ι)
326 3787 406 3848 Part.
423 3809 489 3865 sup.
509 3791 538 3848 P.
557 3806 606 3870 49.

263 3869 306 3936 (a)
327 3865 401 3926 vids
419 3869 629 3942 praefationem
648 3869 685 3928 ad
703 3869 813 3928 Iulium
831 3869 990 3928 Valerium.
