3109 4934
582 524 661 596 sav
686 505 815 598 insa
839 527 867 596 1.
1123 531 1166 602 61

242 695 493 792 »oportere
542 697 724 790 satrapas
775 676 944 789 quidem
994 673 1167 765 classem

242 832 273 881 >›
305 797 392 883 eius
422 825 629 882 unacum
671 797 820 883 navitis
871 797 952 878 alto
982 802 1168 885 submer-

243 950 272 1000 »
294 947 442 1032 gere,
490 915 638 1002 milites
688 944 791 1000 vero
840 937 1010 1000 cunctos
1058 915 1170 1004 ferro
1291 1009 1297 1024 ,

241 1069 271 1119 ι)
301 1038 460 1124 vinctos
482 1039 532 1122 ad
554 1033 672 1122 rubri
689 1035 814 1120 maris
828 1035 1023 1120 ulteriora
1039 1057 1170 1122 trans·

242 1187 270 1236 n
303 1157 439 1258 daei,
483 1179 530 1242 ut
580 1155 662 1238 illic
720 1155 857 1238 colere
907 1153 1171 1240 iuberentur:

239 1305 268 1356 »
304 1305 431 1390 equos
451 1298 671 1388 ceteraque
687 1274 862 1358 militum
876 1272 1171 1388 impedimenta

241 1425 270 1476 ι)
300 1396 379 1480 sibi
408 1396 519 1512 ipsos
559 1397 715 1480 habere
758 1396 900 1509 privos
945 1395 1169 1512 amicisque

241 1543 270 1594 >a
300 1516 443 1632 largiri
473 1550 528 1599 >›.·
1210 1551 1228 1578 0

199 1636 448 1722 “XLIX
479 1637 569 1720 Sed
596 1633 710 1720 hisce
738 1635 884 1720 litteris
911 1633 1088 1720 nihilum
1118 1640 1172 1722 ad

65 1789 100 1832 ..ι
67 1651 233 1834 ”iffi
241 1776 396 1840 metum
427 1776 612 1872 satrapae
641 1755 743 1840 moti
782 1753 872 1870 regi
901 1757 1170 1869 respondere:

240 1907 269 1956 n
299 1878 522 1991 Hystaspes
553 1897 594 1962 et
622 1876 827 1989 Spynther
855 1878 946 1960 Deo
965 1874 1171 1961 Dariosa-

240 2027 269 2077 ι)
299 1997 426 2082 lutem
454 1997 607 2082 dicunt.
639 1994 974 2095 Miramursatis‚
1002 1996 1168 2082 latuisse

240 2147 269 2198 ιι
301 2137 368 2217 te,
397 2146 495 2217 rex,
513 2137 648 2202 tantae
669 2115 983 2200 multitudinis
971 2139 1172 2230 mpetum

240 2265 269 2316 ιι
300 2237 566 2352 supervenire
595 2235 869 2334 nostratibus,
912 2233 983 2348 qui
1031 2238 1171 2348 quales

239 2357 521 2472 »quantique
555 2357 636 2443 sint
666 2385 748 2469 quo
793 2354 997 2440 facilius
995 2357 1172 2443 noscita-

239 2503 396 2578 ures,
446 2477 628 2593 quinque
678 2506 783 2591 quos
832 2473 937 2560 forte
969 2475 1171 2562 indidem

237 2624 267 2676 ι)
298 2618 439 2712 captos
470 2599 717 2702 haberemus
748 2597 910 2682 vinctos
946 2597 1172 2682 transmisi-

237 2747 266 2796 »
296 2745 421 2818 mus,
451 2746 538 2800 ιιοιι
568 2717 656 2806 ausi
690 2745 834 2800 eorum
867 2717 975 2800 ultra
1016 2716 1172 2854 aliquid

239 2869 267 2917 n
297 2835 556 2950 adinquirere
600 2867 705 2950 quae
747 2836 829 2922 sint
856 2834 1059 2922 fortassis
1080 2837 1172 2951 regi

238 2989 267 3038 »
296 2957 530 3096 praescitui.
590 2957 697 3042 Boni
750 2955 878 3071 igitur
932 2957 1170 3058 consules,

238 3107 266 3160 >r
297 3077 684 3192 quamprimumque
739 3105 834 3160 cum
880 3075 1062 3160 exercitu
1104 3075 1172 3162 vel

237 3196 581 3308 »potentissimo
632 3196 766 3282 eidem
810 3195 1062 3306 obviabis».

135 3346 154 3394 ι
184 3361 223 3394 a·
297 3317 342 3400 L.
398 3317 475 3398 Sed
532 3345 611 3401 neo
661 3317 720 3400 sic
772 3316 940 3429 quidem
991 3315 1170 3406 abicien-

47 3430 181 3472 '⁰”'¹’'²·
239 3434 335 3548 (lam
375 3434 689 3520 molliendamve
724 3457 760 3516 <o
790 3435 943 3521 Dariu's
975 3465 1169 3551 arrogan-

241 3554 339 3638 tiam
389 3573 514 3668 putat.
564 3553 683 3640 Enim
733 3556 948 3672 respondit
996 3557 1169 3642 ducibus

273 3831 307 3888 (ι)
332 3824 392 3877 edd·
418 3829 594 3893 ιιοὶίειὶωι,
619 3847 650 3882 aa
675 3847 724 3898 qua
740 3833 832 3882 faeere·
849 3833 921 3880 etim
937 3832 1123 3888 anuinium
