3109 4934
406 551 471 608 nus
634 531 888 610 mutinum
912 529 1069 608 onnus

404 719 432 768 u
465 683 668 788 evasisse,
705 714 851 772 verum
894 701 1126 798 temporum
1165 707 1337 820 quoque

405 841 433 890 ³>
466 829 508 892 et
547 805 653 893 caeli
694 803 1001 892 difficultatibus
1036 831 1121 886 non
1152 803 1334 888 cessisse

405 959 434 1008 o
464 930 547 1012 Ex
543 927 703 1041 quibus
732 925 936 1044 colligere
958 925 1177 1008 admodum
1211 921 1335 1006 facile

404 1079 432 1130 >r
465 1077 553 1134 esse
597 1043 887 1162 ambigendum
915 1066 1052 1129 utrum
1082 1071 1136 1125 ne
1165 1063 1206 1126 te
1235 1067 1337 1155 pru·

404 1201 432 1250 >r
465 1166 626 1250 dentiae
669 1165 827 1250 viribus
864 1193 918 1248 an
948 1165 1188 1248 tolerantiae
1217 1161 1336 1246 forti-

407 1319 435 1370 »
465 1285 700 1398 tudinisque
730 1285 861 1398 magis
904 1282 1169 1397 praedicem?
1212 1283 1338 1366 Certe

407 1439 434 1490 n
466 1405 571 1492 illud
589 1404 695 1490 tibi
684 1431 765 1490 ram
786 1405 1044 1488 homericum
1063 1406 1204 1501 adest,
1221 1401 1336 1524 quod

406 1549 434 1609 5>
464 1525 596 1612 illic
571 1563 606 1614 ‹a›
635 1523 958 1658 sapientissimus
989 1525 1260 1638 gloriatum,

406 1669 543 1732 niMult
535 1687 706 1750 rgsnrrqus
722 1669 819 1728 urbes
826 1647 995 1728 lrominum
1010 1685 1181 1746 moresque
1193 1669 1314 1728 notari.

406 1807 434 1860 o
467 1773 570 1880 Quis
601 1773 710 1856 enim
739 1768 1059 1884 praedicationis
1088 1768 1182 1854 finis
1225 1770 1338 1855 istud

406 1927 434 1976 o
465 1891 601 2006 capit?
637 1913 746 1976 xxx.
777 1886 905 1974 ferme
933 1891 1004 1976 vix
1034 1920 1163 1974 annos
1194 1919 1337 1974 emen·

407 2047 435 2096 >s
464 2039 554 2096 snm
584 2031 624 2094 te
656 2011 828 2094 orientis
865 2012 1000 2096 omnis
1031 2009 1337 2124 occidentisque

407 2165 434 2214 u
465 2131 695 2216 dominari?
725 2133 870 2215 Bactra
900 2150 942 2214 te
962 2128 1083 2230 vidit,
1102 2131 1338 2244 Aethyopia

405 2283 433 2334 »
465 2252 847 2365 salutavinScytlrue
860 2271 1128 2350 tremuerunt,
1139 2252 1335 2364 qnodque

404 2405 432 2454 a>
464 2401 549 2456 uno
577 2367 648 2458 ille
677 2401 801 2458 versu
830 2369 1089 2486 percucurrit
1106 2402 1170 2461 or:

404 2547 421 2576 ι.
445 2516 573 2596 inqne
583 2536 700 2578 norum
711 2530 847 2580 cernunt
856 2519 1038 2598 hyperiona
1048 2521 1170 2596 quique
1182 2518 1360 2578 cadentem.

407 2651 435 2700 >›
466 2620 615 2732 Neque
646 2619 751 2704 enirn
781 2647 1033 2734 quemqnam
1053 2647 1139 2703 non
1156 2639 1228 2702 aut
1244 2647 1337 2702 cne-

407 2772 435 2822 »
466 2767 558 2824 sum
604 2741 835 2826 audivimus
866 2759 937 2824 aut
972 2739 1334 2854 supplicantem».

408 2861 523 2948 Haec
554 2861 722 2975 quidem
752 2861 1002 2945 Aristoteles.

254 3030 353 3144 ἅμα..
355 3025 393 3074 nr
467 2981 632 3070 LXXX
668 2983 722 3066 At
750 3009 849 3066 vero
900 2977 1130 3064 Alexander
1163 2980 1335 3064 collecto

345 3097 591 3186 ⁸⁸'exercitu
620 3104 700 3188 iter
735 3101 789 3185 ad
817 3099 1084 3216 Babyloniam
1115 3096 1334 3196 convertit,
1427 3151 1437 3170 ·

409 3221 455 3306 in
483 3250 565 3333 qun
607 3243 820 3357 susceptus
855 3217 1166 3305 honoratissime
1201 3239 1243 3302 et
1270 3247 1336 3300 sa·

410 3337 567 3424 crificra
578 3339 669 3426 Dus
689 3341 975 3426 inmortalibus
995 3357 1275 3454 repraesentat
1293 3356 1336 3420 et

315 3471 319 3484 ‘
411 3479 619 3544 certamen
634 3462 937 3574 'gymnasticum
950 3477 984 3534 ‹⁸›
997 3459 1257 3544 concelebrat
1277 3486 1336 3552 (.);

225 3099 317 3226 brisim
285 3179 347 3212 nen.

442 3663 481 3716 (ι)
498 3657 548 3704 Illic
564 3673 610 3718 pro
629 3657 671 3706 illc·
690 3659 724 3716 (l)
741 3659 802 3705 cod
818 3663 983 3721 gymnica.
1004 3663 1037 3724 (c)
1055 3663 1114 3711 eod.
1132 3659 1322 3710 emaum.

453 3827 495 3894 (ι)
517 3819 616 3898 Odysr.
636 3821 659 3877 1.
680 3821 708 3878 3.
788 3837 795 3847 ‘

451 3909 496 3978 (a)
517 3901 618 3978 odyss.
635 3900 659 3958 1.
681 3911 727 3970 24
