3109 4934
527 533 606 605 SEV
629 531 755 606 LIBER
777 535 823 606 11.
1068 538 1134 610 125

211 716 240 768 n
271 711 356 766 non
374 678 556 765 invideas
582 681 860 794 sepulturam,
891 709 1013 793 quam
1031 683 1134 767 mihi

212 835 242 896 »
273 831 357 888 una
386 831 482 886 cum
502 801 639 888 Persis
668 799 727 882 tui
744 800 989 884 Macedones
1019 832 1133 886 exse·

212 953 241 1004 »
274 941 461 1037 quantur.
492 924 598 1004 Tum
624 919 882 1032 Rogodunen
905 939 943 997 ‹¹›
964 941 1137 1006 matrem

208 1074 238 1124 >a
271 1069 405 1124 meam
425 1040 750 1124 commendatam
770 1036 845 1120 tibi
863 1038 915 1120 ad
934 1039 1136 1149 honorem

205 1191 239 1242 a
272 1159 442 1276 dignum
461 1160 627 1242 nomine
646 1158 980 1274 nostrohabeto,
1010 1178 1136 1271 utque

207 1279 514 1394 »participem
555 1275 792 1392 Olympiadi
836 1297 942 1360 tuae.
1001 1278 1134 1386 Colito

207 1430 237 1488 n
269 1426 440 1482 uxorem
486 1397 608 1480 etiam
651 1425 816 1480 meam:
862 1395 989 1484 filiam
1033 1426 1135 1485 vero

206 1549 236 1608 2)
269 1517 468 1604 Roxanen
511 1519 589 1601 lrac
635 1544 758 1630 prece
789 1514 865 1600 tibi
893 1516 938 1600 in
966 1544 1136 1604 manum

207 1667 238 1726 >a
270 1638 353 1738 do,
384 1665 615 1750 quaesoque
635 1664 724 1718 eam
749 1633 916 1750 dignam
942 1637 1135 1750 coniugio

208 1787 236 1838 n
269 1776 340 1840 tuo
359 1785 524 1842 censeas
554 1777 601 1838 (τ).
633 1756 721 1838 Erit
745 1754 857 1840 enim
877 1754 939 1840 illi
955 1757 1008 1840 ad
1026 1759 1134 1839 sola·

211 1907 238 1961 »
271 1873 374 1960 tium
404 1875 606 1990 largiter,
649 1874 752 1958 nihil
793 1874 871 1959 sibi
920 1876 971 1959 de
1019 1875 1134 1988 regia

209 2025 238 2080 a
270 1994 556 2080 coniunctione
586 1993 759 2084 defuisse
779 2027 821 2078 ».
867 1995 918 2087 Et
944 1994 990 2078 in
1017 1994 1133 2079 hisce

209 2114 345 2199 verbis
375 2114 525 2201 Darius
555 2113 740 2227 spiritum
770 2114 970 2227 transigit.

246 2353 289 2423 (a)
309 2349 461 2424 Vulgarum
475 2369 576 2406 noman
595 2353 695 2407 matria
714 2351 797 2408 Darii
817 2351 895 2422 apud
914 2352 1068 2407 historicos
1087 2365 1132 2408 aaa

207 2427 377 2505 Sysigaaabia.
415 2427 582 2503 Rogodunen
607 2429 694 2483 habet
726 2443 756 2482 et
789 2430 864 2484 aliua
902 2428 1009 2484 latinua
1038 2431 1131 2488 codex

206 2506 300 2564 ambr.
319 2504 357 2560 At
375 2504 466 2562 codex
486 2522 605 2578 graacna
618 2503 722 2564 Ῥοδὸ.
742 2504 912 2560 lleiaeccina
925 2507 955 2560 in
966 2525 1048 2582 regna
1061 2525 1134 2585 pao·

205 2585 262 2639 rica
281 2601 308 2654 p.
328 2597 375 2655 77·
395 2583 508 2654 profert
530 2580 719 2658 analogum
748 2601 867 2640 uxorem
892 2583 1009 2639 Oroatia
1031 2586 1131 2656 generi

205 2661 388 2716 Artaxerxia·
416 2659 451 2714 In
481 2659 603 2738 epistolia
626 2679 767 2737 procerum
792 2659 886 2718 mnda'
912 2671 989 2716 extat
1006 2663 1132 2732 apiatola

205 2737 323 2812 Rodegia
354 2736 391 2791 ad
419 2736 511 2794 lilium
531 2737 650 2794 Darium
670 2737 797 2810 rogantia
817 2755 852 2793 na
870 2737 962 2795 alaana
981 2738 1048 2795 nori
1064 2757 1133 2796 car·
1173 2761 1178 2770 ·

206 2815 321 2870 taminia
341 2813 480 2870 adverada
500 2813 696 2871 Alexandrum
715 2815 891 2884 experiatur.

242 2896 300 2964 (al
317 2889 395 2948 llaec
424 2893 560 2964 deincep·
591 2893 701 2947 nubere
729 2893 841 2946 dicitur
869 2892 1044 2946 Alexandro.
1074 2890 1131 2948 Sed

115 3007 117 3011 v
204 2971 280 3025 enim
299 2987 417 3024 uxorem
436 2969 595 3027 Alexandri
611 2968 754 3024 Roxanen
770 2968 868 3035 ,filiam
882 2970 971 3024 luiaaa
984 2967 1131 3042 Oxyartaa

201 3045 349 3102 bactriani
369 3048 466 3102 varior
497 3047 639 3103 sententia
666 3047 793 3102 videtur.
823 3045 930 3101 Tamen
948 3045 1131 3114 ‚Roranam

202 3141 278 3196 quae
296 3124 461 3180 Alexandro
484 3127 602 3196 nupsit,
618 3123 720 3179 dicunt
738 3122 822 3179 Darii
848 3123 937 3178 liliam
957 3125 1043 3178 etiam
1063 3121 1131 3176 lla-

201 3201 261 3256 lala
282 3219 311 3272 p.
332 3211 398 3272 247.
420 3200 573 3274 Syacallua
591 3219 620 3272 p.
650 3198 715 3270 264.
736 3202 810 3271 (qui
837 3218 904 3254 mox
932 3200 1042 3257 ibidem
1073 3200 1132 3256 ribi

201 3277 408 3347 contradicit),
420 3277 564 3333 Novairua
585 3277 671 3332 araba
691 3277 767 3350 apud
779 3276 1008 3333 Sancticrucium
1021 3296 1049 3349 p.
1063 3273 1127 3346 183,

199 3355 324 3416 historia
331 3353 579 3410 adita‘Alaxandri
599 3370 662 3424 cap.
674 3367 760 3408 lxxv.
775 3370 807 3410 aa
825 3373 945 3426 graecus
964 3351 1129 3436 latinaeque

201 3432 269 3502 cod.
280 3431 372 3486 ambr.
383 3428 486 3486 Suidaa
497 3450 561 3487 voc.
578 3427 774 3502 ’Δλέξααδρος
793 3432 904 3488 oblatas
917 3452 934 3487 a
945 3431 1038 3488 Dario
1051 3432 1129 3488 filiae

200 3507 332 3563 Roxane·
351 3509 467 3578 nuptias
487 3509 651 3565 Alexandro
671 3509 750 3563 dicit.
771 3509 832 3564 Iam
854 3511 878 3563 ai
898 3511 1026 3566 lottecar
1044 3529 1129 3566 error

201 3586 233 3642 in
247 3586 369 3640 feminae
381 3585 511 3654 nominc,
529 3585 616 3644 filiam
629 3601 707 3642 certa
726 3584 811 3641 Darii
824 3587 993 3642 collocatam
1005 3588 1130 3643 Alexan·

200 3661 256 3720 dro
277 3662 309 3717 in
329 3661 510 3720 matrimonio
537 3665 619 3720 aiunt
649 3662 795 3718 Diodorus
824 3678 897 3718 xvn.
919 3679 982 3738 107.
1012 3665 1129 3720 Curtius

193 3759 228 3798 x.
241 3739 267 3795 3.
281 3737 422 3794 Arrianua
436 3753 487 3798 vn.
501 3739 667 3816 41natinua
680 3754 734 3798 ιη.
750 3756 795 3796 ιο.
828 3738 1000 3800 Plutarchus
1028 3759 1060 3814 p.
1081 3754 1128 3817 9¹·

203 3815 460 3896 Zonaraaav.14
