<?xml version="1.0" encoding="UTF-8"?>
<!DOCTYPE html PUBLIC "-//W3C//DTD XHTML 1.0 Transitional//EN"
    "http://www.w3.org/TR/xhtml1/DTD/xhtml1-transitional.dtd">
<html xmlns="http://www.w3.org/1999/xhtml" xml:lang="en" lang="en">
 <head>
  <title>
</title>
<meta http-equiv="Content-Type" content="text/html;charset=utf-8" />
  <meta name='ocr-system' content='tesseract 3.04.00' />
  <meta name='ocr-capabilities' content='ocr_page ocr_carea ocr_par ocr_line ocrx_word'/>
</head>
<body>
  <div class='ocr_page' id='page_1' title='image "./itinerariumalex00unkngoog/itinerariumalex00unkngoog_0329.png"; bbox 0 0 3109 4934; ppageno 0'>
   <div class='ocr_carea' id='block_1_1' title="bbox 533 551 1157 644">
    <p class='ocr_par' dir='ltr' id='par_1_1' title="bbox 533 551 1157 644">
     <span class='ocr_line' id='line_1_1' title="bbox 533 551 1157 644; baseline 0.003 -20"><span class='ocrx_word' id='word_1_1' title='bbox 533 551 611 624; x_wconf 76' lang='lat' dir='ltr'><strong><em>sev</em></strong></span> <span class='ocrx_word' id='word_1_2' title='bbox 635 551 760 626; x_wconf 71' lang='lat' dir='ltr'><strong><em>unes</em></strong></span> <span class='ocrx_word' id='word_1_3' title='bbox 785 551 845 623; x_wconf 88' lang='lat' dir='ltr'><strong><em>m</em></strong></span> <span class='ocrx_word' id='word_1_4' title='bbox 1093 553 1157 644; x_wconf 84' lang='lat'><strong><em>195</em></strong></span> 
     </span>
    </p>
   </div>
   <div class='ocr_carea' id='block_1_2' title="bbox 14 701 1207 3691">
    <p class='ocr_par' dir='ltr' id='par_1_2' title="bbox 14 701 1207 3691">
     <span class='ocr_line' id='line_1_2' title="bbox 222 701 1152 817; baseline 0.005 -35"><span class='ocrx_word' id='word_1_5' title='bbox 222 723 296 782; x_wconf 88' lang='lat' dir='ltr'><strong><em>tua</em></strong></span> <span class='ocrx_word' id='word_1_6' title='bbox 325 701 447 782; x_wconf 81' lang='lat' dir='ltr'><strong><em>salute</em></strong></span> <span class='ocrx_word' id='word_1_7' title='bbox 467 703 713 808; x_wconf 75' lang='lat' dir='ltr'><strong><em>praestabo,</em></strong></span> <span class='ocrx_word' id='word_1_8' title='bbox 745 724 863 811; x_wconf 81' lang='lat' dir='ltr'><strong><em>atque</em></strong></span> <span class='ocrx_word' id='word_1_9' title='bbox 889 705 1004 817; x_wconf 80' lang='lat' dir='ltr'><strong><em>apud</em></strong></span> <span class='ocrx_word' id='word_1_10' title='bbox 1026 709 1152 816; x_wconf 80' lang='lat' dir='ltr'><strong><em>genti·</em></strong></span> 
     </span>
     <span class='ocr_line' id='line_1_3' title="bbox 223 820 1152 936; baseline 0.004 -30"><span class='ocrx_word' id='word_1_11' title='bbox 223 823 278 906; x_wconf 86' lang='lat' dir='ltr'><strong><em>les</em></strong></span> <span class='ocrx_word' id='word_1_12' title='bbox 292 820 475 904; x_wconf 88' lang='lat' dir='ltr'><strong><em>barbaros</em></strong></span> <span class='ocrx_word' id='word_1_13' title='bbox 491 851 597 904; x_wconf 87' lang='lat' dir='ltr'><strong><em>meos</em></strong></span> <span class='ocrx_word' id='word_1_14' title='bbox 598 823 725 936; x_wconf 85' lang='lat' dir='ltr'><strong><em>fidem</em></strong></span> <span class='ocrx_word' id='word_1_15' title='bbox 736 825 811 905; x_wconf 82' lang='lat' dir='ltr'><strong><em>aeri</em></strong></span> <span class='ocrx_word' id='word_1_16' title='bbox 821 824 924 904; x_wconf 88' lang='lat' dir='ltr'><strong><em>clam</em></strong></span> <span class='ocrx_word' id='word_1_17' title='bbox 938 823 1088 908; x_wconf 81' lang='lat' dir='ltr'><strong><em>habebo</em></strong></span> <span class='ocrx_word' id='word_1_18' title='bbox 1105 844 1152 910; x_wconf 66' lang='lat' dir='ltr'><strong><em>(a.</em></strong></span> 
     </span>
     <span class='ocr_line' id='line_1_4' title="bbox 226 943 1152 1053; baseline 0.005 -32"><span class='ocrx_word' id='word_1_19' title='bbox 226 943 376 1053; x_wconf 67' lang='lat' dir='ltr'><strong><em>Quippe</em></strong></span> <span class='ocrx_word' id='word_1_20' title='bbox 410 943 663 1052; x_wconf 80' lang='lat' dir='ltr'><strong><em>campolum</em></strong></span> <span class='ocrx_word' id='word_1_21' title='bbox 698 947 747 1046; x_wconf 82' lang='lat' dir='ltr'><strong><em>sit</em></strong></span> <span class='ocrx_word' id='word_1_22' title='bbox 782 971 810 1022; x_wconf 88' lang='lat' dir='ltr'><strong><em>a</em></strong></span> <span class='ocrx_word' id='word_1_23' title='bbox 843 947 962 1027; x_wconf 85' lang='lat' dir='ltr'><strong><em>caede</em></strong></span> <span class='ocrx_word' id='word_1_24' title='bbox 992 947 1050 1028; x_wconf 86' lang='lat' dir='ltr'><strong><em>tui</em></strong></span> <span class='ocrx_word' id='word_1_25' title='bbox 1077 947 1152 1028; x_wconf 86' lang='lat' dir='ltr'><strong><em>lto-</em></strong></span> 
     </span>
     <span class='ocr_line' id='line_1_5' title="bbox 184 1061 1151 1174; baseline 0.003 -28"><span class='ocrx_word' id='word_1_26' title='bbox 184 1106 189 1112; x_wconf 54' lang='lat'><strong><em>¹</em></strong></span> <span class='ocrx_word' id='word_1_27' title='bbox 221 1067 345 1146; x_wconf 88' lang='lat' dir='ltr'><strong><em>mines</em></strong></span> <span class='ocrx_word' id='word_1_28' title='bbox 377 1083 518 1142; x_wconf 74' lang='lat' dir='ltr'><strong><em>notiora</em></strong></span> <span class='ocrx_word' id='word_1_29' title='bbox 532 1099 540 1122; x_wconf 76' lang='lat'><strong><em>.</em></strong></span> <span class='ocrx_word' id='word_1_30' title='bbox 553 1065 735 1146; x_wconf 79' lang='lat' dir='ltr'><strong><em>saeviores</em></strong></span> <span class='ocrx_word' id='word_1_31' title='bbox 769 1061 879 1144; x_wconf 85' lang='lat' dir='ltr'><strong><em>baud</em></strong></span> <span class='ocrx_word' id='word_1_32' title='bbox 893 1065 1022 1174; x_wconf 80' lang='lat' dir='ltr'><strong><em>facile</em></strong></span> <span class='ocrx_word' id='word_1_33' title='bbox 1050 1088 1151 1151; x_wconf 62' lang='lat' dir='ltr'><strong><em>teme</em></strong></span> 
     </span>
     <span class='ocr_line' id='line_1_6' title="bbox 212 1183 1149 1298; baseline 0.004 -35"><span class='ocrx_word' id='word_1_34' title='bbox 212 1187 447 1296; x_wconf 78' lang='lat' dir='ltr'><strong><em>peraturos,</em></strong></span> <span class='ocrx_word' id='word_1_35' title='bbox 477 1183 575 1288; x_wconf 84' lang='lat' dir='ltr'><strong><em>siqui</em></strong></span> <span class='ocrx_word' id='word_1_36' title='bbox 592 1183 649 1264; x_wconf 89' lang='lat' dir='ltr'><strong><em>ad</em></strong></span> <span class='ocrx_word' id='word_1_37' title='bbox 666 1184 795 1298; x_wconf 85' lang='lat' dir='ltr'><strong><em>fldem</em></strong></span> <span class='ocrx_word' id='word_1_38' title='bbox 813 1185 1007 1283; x_wconf 80' lang='lat' dir='ltr'><strong><em>uenerint,</em></strong></span> <span class='ocrx_word' id='word_1_39' title='bbox 1027 1213 1149 1295; x_wconf 82' lang='lat' dir='ltr'><strong><em>prae-</em></strong></span> 
     </span>
     <span class='ocr_line' id='line_1_7' title="bbox 220 1304 1207 1414; baseline 0.001 -30"><span class='ocrx_word' id='word_1_40' title='bbox 220 1305 355 1388; x_wconf 78' lang='lat' dir='ltr'><strong><em>sertim</em></strong></span> <span class='ocrx_word' id='word_1_41' title='bbox 383 1329 472 1380; x_wconf 90' lang='lat' dir='ltr'><strong><em>cum</em></strong></span> <span class='ocrx_word' id='word_1_42' title='bbox 499 1321 542 1380; x_wconf 88' lang='lat' dir='ltr'><strong><em>tu</em></strong></span> <span class='ocrx_word' id='word_1_43' title='bbox 570 1307 689 1386; x_wconf 88' lang='lat' dir='ltr'><strong><em>etiam</em></strong></span> <span class='ocrx_word' id='word_1_44' title='bbox 718 1304 812 1384; x_wconf 91' lang='lat' dir='ltr'><strong><em>Pori</em></strong></span> <span class='ocrx_word' id='word_1_45' title='bbox 840 1305 891 1383; x_wconf 90' lang='lat' dir='ltr'><strong><em>sis</em></strong></span> <span class='ocrx_word' id='word_1_46' title='bbox 909 1306 1149 1414; x_wconf 80' lang='lat' dir='ltr'><strong><em>interfector,</em></strong></span> <span class='ocrx_word' id='word_1_47' title='bbox 1204 1362 1207 1369; x_wconf 78' lang='lat'><em>,</em></span> 
     </span>
     <span class='ocr_line' id='line_1_8' title="bbox 221 1421 1150 1534; baseline 0.005 -32"><span class='ocrx_word' id='word_1_48' title='bbox 221 1423 327 1502; x_wconf 82' lang='lat' dir='ltr'><strong><em>cuitu</em></strong></span> <span class='ocrx_word' id='word_1_49' title='bbox 351 1421 490 1534; x_wconf 86' lang='lat' dir='ltr'><strong><em>filiam</em></strong></span> <span class='ocrx_word' id='word_1_50' title='bbox 523 1425 615 1506; x_wconf 84' lang='lat' dir='ltr'><strong><em>seito</em></strong></span> <span class='ocrx_word' id='word_1_51' title='bbox 651 1425 812 1506; x_wconf 81' lang='lat' dir='ltr'><strong><em>itatioris</em></strong></span> <span class='ocrx_word' id='word_1_52' title='bbox 841 1427 920 1504; x_wconf 84' lang='lat' dir='ltr'><strong><em>mei</em></strong></span> <span class='ocrx_word' id='word_1_53' title='bbox 938 1423 1025 1534; x_wconf 78' lang='lat' dir='ltr'><strong><em>filii</em></strong></span> <span class='ocrx_word' id='word_1_54' title='bbox 1055 1429 1150 1507; x_wconf 70' lang='lat' dir='ltr'><strong><em>cora</em></strong></span> 
     </span>
     <span class='ocr_line' id='line_1_9' title="bbox 219 1541 1150 1653; baseline 0.003 -30"><span class='ocrx_word' id='word_1_55' title='bbox 219 1544 323 1652; x_wconf 77' lang='lat' dir='ltr'><strong><em>iugio</em></strong></span> <span class='ocrx_word' id='word_1_56' title='bbox 366 1541 600 1648; x_wconf 83' lang='lat' dir='ltr'><strong><em>copulatam.</em></strong></span> <span class='ocrx_word' id='word_1_57' title='bbox 647 1545 775 1642; x_wconf 82' lang='lat' dir='ltr'><strong><em>Quare</em></strong></span> <span class='ocrx_word' id='word_1_58' title='bbox 820 1563 900 1623; x_wconf 84' lang='lat' dir='ltr'><strong><em>esto</em></strong></span> <span class='ocrx_word' id='word_1_59' title='bbox 932 1541 1150 1653; x_wconf 82' lang='lat' dir='ltr'><strong><em>Antigonus</em></strong></span> 
     </span>
     <span class='ocr_line' id='line_1_10' title="bbox 221 1661 1149 1770; baseline 0.006 -31"><span class='ocrx_word' id='word_1_60' title='bbox 221 1663 329 1770; x_wconf 76' lang='lat' dir='ltr'><strong><em>apud</em></strong></span> <span class='ocrx_word' id='word_1_61' title='bbox 371 1661 493 1758; x_wconf 89' lang='lat' dir='ltr'><strong><em>illos,</em></strong></span> <span class='ocrx_word' id='word_1_62' title='bbox 534 1691 624 1748; x_wconf 89' lang='lat' dir='ltr'><strong><em>aum</em></strong></span> <span class='ocrx_word' id='word_1_63' title='bbox 664 1663 763 1747; x_wconf 86' lang='lat' dir='ltr'><strong><em>milti</em></strong></span> <span class='ocrx_word' id='word_1_64' title='bbox 804 1663 880 1746; x_wconf 89' lang='lat' dir='ltr'><strong><em>soli</em></strong></span> <span class='ocrx_word' id='word_1_65' title='bbox 922 1663 1149 1748; x_wconf 75' lang='lat' dir='ltr'><strong><em>Alexander</em></strong></span> 
     </span>
     <span class='ocr_line' id='line_1_11' title="bbox 220 1780 397 1866; baseline 0.017 -5"><span class='ocrx_word' id='word_1_66' title='bbox 220 1780 397 1866; x_wconf 82' lang='lat' dir='ltr'><strong><em>habeare.</em></strong></span> 
     </span>
     <span class='ocr_line' id='line_1_12' title="bbox 73 1899 1148 2010; baseline 0.003 -27"><span class='ocrx_word' id='word_1_67' title='bbox 73 1939 206 1990; x_wconf 60' lang='lat' dir='ltr'><strong><em>ernanus</em></strong></span> <span class='ocrx_word' id='word_1_68' title='bbox 261 1899 426 1984; x_wconf 81' lang='grc' dir='ltr'><strong>’.ῙιΧῙΠ</strong></span> <span class='ocrx_word' id='word_1_69' title='bbox 462 1905 516 1984; x_wconf 84' lang='lat' dir='ltr'><strong><em>Et</em></strong></span> <span class='ocrx_word' id='word_1_70' title='bbox 545 1933 635 1987; x_wconf 73' lang='lat' dir='ltr'><strong><em>ctam</em></strong></span> <span class='ocrx_word' id='word_1_71' title='bbox 663 1904 767 1986; x_wconf 70' lang='lat' dir='ltr'><strong><em>hisce</em></strong></span> <span class='ocrx_word' id='word_1_72' title='bbox 796 1899 909 1984; x_wconf 70' lang='lat' dir='ltr'><strong><em>(lictis</em></strong></span> <span class='ocrx_word' id='word_1_73' title='bbox 936 1901 1148 2010; x_wconf 66' lang='lat' dir='ltr'><strong><em>egredllw,</em></strong></span> 
     </span>
     <span class='ocr_line' id='line_1_13' title="bbox 14 2009 1151 2130; baseline 0.004 -28"><span class='ocrx_word' id='word_1_74' title='bbox 14 2009 167 2072; x_wconf 67' lang='lat'><strong><em>‘&#39;²¹³⁶&#39;‘¹&#39;⁹”·</em></strong></span> <span class='ocrx_word' id='word_1_75' title='bbox 220 2046 338 2130; x_wconf 83' lang='lat' dir='ltr'><strong><em>atque</em></strong></span> <span class='ocrx_word' id='word_1_76' title='bbox 362 2020 423 2104; x_wconf 89' lang='lat' dir='ltr'><strong><em>ad</em></strong></span> <span class='ocrx_word' id='word_1_77' title='bbox 455 2025 703 2108; x_wconf 87' lang='lat' dir='ltr'><strong><em>CaadauIem</em></strong></span> <span class='ocrx_word' id='word_1_78' title='bbox 732 2023 790 2107; x_wconf 85' lang='lat' dir='ltr'><strong><em>sie</em></strong></span> <span class='ocrx_word' id='word_1_79' title='bbox 815 2021 1007 2104; x_wconf 68' lang='lat' dir='ltr'><strong><em>oia-&#39;Fili</em></strong></span> <span class='ocrx_word' id='word_1_80' title='bbox 1038 2023 1151 2107; x_wconf 68' lang='lat' dir='ltr'><strong><em>Can·</em></strong></span> 
     </span>
     <span class='ocr_line' id='line_1_14' title="bbox 220 2139 1150 2256; baseline 0.003 -34"><span class='ocrx_word' id='word_1_81' title='bbox 220 2139 341 2223; x_wconf 77' lang='lat' dir='ltr'><strong><em>dude</em></strong></span> <span class='ocrx_word' id='word_1_82' title='bbox 384 2165 497 2252; x_wconf 82' lang='lat' dir='ltr'><strong><em>tuque</em></strong></span> <span class='ocrx_word' id='word_1_83' title='bbox 538 2145 694 2256; x_wconf 83' lang='lat' dir='ltr'><strong><em>Margie</em></strong></span> <span class='ocrx_word' id='word_1_84' title='bbox 737 2171 855 2226; x_wconf 80' lang='lat' dir='ltr'><strong><em>nunu</em></strong></span> <span class='ocrx_word' id='word_1_85' title='bbox 895 2143 1150 2242; x_wconf 84' lang='lat' dir='ltr'><strong><em>suavissima,-</em></strong></span> 
     </span>
     <span class='ocr_line' id='line_1_15' title="bbox 216 2252 1163 2375; baseline 0.004 -33"><span class='ocrx_word' id='word_1_86' title='bbox 216 2261 369 2370; x_wconf 80' lang='lat' dir='ltr'><strong><em>gaudeo</em></strong></span> <span class='ocrx_word' id='word_1_87' title='bbox 405 2264 622 2346; x_wconf 80' lang='lat' dir='ltr'><strong><em>admodum</em></strong></span> <span class='ocrx_word' id='word_1_88' title='bbox 657 2265 765 2372; x_wconf 83' lang='lat' dir='ltr'><strong><em>quod</em></strong></span> <span class='ocrx_word' id='word_1_89' title='bbox 798 2265 842 2344; x_wconf 88' lang='lat' dir='ltr'><strong><em>in</em></strong></span> <span class='ocrx_word' id='word_1_90' title='bbox 871 2283 1043 2372; x_wconf 69' lang='lat' dir='ltr'><strong><em>tenuiore</em></strong></span> <span class='ocrx_word' id='word_1_91' title='bbox 1060 2252 1163 2375; x_wconf 85' lang='lat' dir='ltr'><strong><em>suit&#39;</em></strong></span> 
     </span>
     <span class='ocr_line' id='line_1_16' title="bbox 121 2381 1147 2494; baseline -0.004 -27"><span class='ocrx_word' id='word_1_92' title='bbox 121 2465 123 2467; x_wconf 82' lang='grc'><strong>,</strong></span> <span class='ocrx_word' id='word_1_93' title='bbox 221 2404 345 2465; x_wconf 84' lang='lat' dir='ltr'><strong><em>aestro</em></strong></span> <span class='ocrx_word' id='word_1_94' title='bbox 369 2381 584 2465; x_wconf 75' lang='lat' dir='ltr'><strong><em>Alexandri</em></strong></span> <span class='ocrx_word' id='word_1_95' title='bbox 613 2385 710 2493; x_wconf 79' lang='lat' dir='ltr'><strong><em>regis</em></strong></span> <span class='ocrx_word' id='word_1_96' title='bbox 738 2382 934 2466; x_wconf 77' lang='lat' dir='ltr'><strong><em>auxiliari</em></strong></span> <span class='ocrx_word' id='word_1_97' title='bbox 961 2385 1147 2494; x_wconf 82' lang='lat' dir='ltr'><strong><em>repperis-</em></strong></span> 
     </span>
     <span class='ocr_line' id='line_1_17' title="bbox 219 2501 1147 2613; baseline 0.006 -32"><span class='ocrx_word' id='word_1_98' title='bbox 219 2525 283 2582; x_wconf 89' lang='lat' dir='ltr'><strong><em>se:</em></strong></span> <span class='ocrx_word' id='word_1_99' title='bbox 313 2505 500 2610; x_wconf 79' lang='lat' dir='ltr'><strong><em>ceteroqui</em></strong></span> <span class='ocrx_word' id='word_1_100' title='bbox 512 2518 547 2574; x_wconf 56' lang='grc' dir='ltr'><strong><em>(ὃ)</em></strong></span> <span class='ocrx_word' id='word_1_101' title='bbox 562 2501 664 2586; x_wconf 82' lang='lat' dir='ltr'><strong><em>uobis</em></strong></span> <span class='ocrx_word' id='word_1_102' title='bbox 692 2501 809 2586; x_wconf 77' lang='lat' dir='ltr'><strong><em>uidua</em></strong></span> <span class='ocrx_word' id='word_1_103' title='bbox 826 2507 959 2584; x_wconf 89' lang='lat' dir='ltr'><strong><em>iamet</em></strong></span> <span class='ocrx_word' id='word_1_104' title='bbox 976 2502 1147 2613; x_wconf 77' lang='lat' dir='ltr'><strong><em>begubris</em></strong></span> 
     </span>
     <span class='ocr_line' id='line_1_18' title="bbox 219 2619 1147 2734; baseline 0.006 -34"><span class='ocrx_word' id='word_1_105' title='bbox 219 2619 281 2700; x_wconf 85' lang='lat' dir='ltr'><strong><em>bic</em></strong></span> <span class='ocrx_word' id='word_1_106' title='bbox 295 2621 475 2708; x_wconf 87' lang='lat' dir='ltr'><strong><em>sederem.</em></strong></span> <span class='ocrx_word' id='word_1_107' title='bbox 486 2623 662 2734; x_wconf 74' lang='lat' dir='ltr'><strong><em>Dignum</em></strong></span> <span class='ocrx_word' id='word_1_108' title='bbox 686 2623 806 2734; x_wconf 83' lang='lat' dir='ltr'><strong><em>igitur</em></strong></span> <span class='ocrx_word' id='word_1_109' title='bbox 819 2623 995 2732; x_wconf 81' lang='lat' dir='ltr'><strong><em>fortuna</em></strong></span> <span class='ocrx_word' id='word_1_110' title='bbox 1014 2646 1147 2706; x_wconf 87' lang='lat' dir='ltr'><strong><em>nostra</em></strong></span> 
     </span>
     <span class='ocr_line' id='line_1_19' title="bbox 220 2740 1155 2825; baseline 0 -3"><span class='ocrx_word' id='word_1_111' title='bbox 220 2743 292 2823; x_wconf 89' lang='lat' dir='ltr'><strong><em>erit</em></strong></span> <span class='ocrx_word' id='word_1_112' title='bbox 310 2742 592 2824; x_wconf 87' lang='lat' dir='ltr'><strong><em>internuntium</em></strong></span> <span class='ocrx_word' id='word_1_113' title='bbox 609 2742 830 2824; x_wconf 78' lang='lat' dir='ltr'><strong><em>Alexandri</em></strong></span> <span class='ocrx_word' id='word_1_114' title='bbox 849 2740 1042 2825; x_wconf 87' lang='lat' dir='ltr'><strong><em>donatum</em></strong></span> <span class='ocrx_word' id='word_1_115' title='bbox 1059 2771 1155 2822; x_wconf 77' lang='lat' dir='ltr'><strong><em>ertu-¹</em></strong></span> 
     </span>
     <span class='ocr_line' id='line_1_20' title="bbox 218 2859 1147 2946; baseline 0.003 -6"><span class='ocrx_word' id='word_1_116' title='bbox 218 2859 370 2941; x_wconf 80' lang='lat' dir='ltr'><strong><em>naribos</em></strong></span> <span class='ocrx_word' id='word_1_117' title='bbox 397 2860 486 2943; x_wconf 85' lang='lat' dir='ltr'><strong><em>biae</em></strong></span> <span class='ocrx_word' id='word_1_118' title='bbox 516 2864 672 2945; x_wconf 76' lang='lat' dir='ltr'><strong><em>rendili.</em></strong></span> <span class='ocrx_word' id='word_1_119' title='bbox 703 2861 782 2943; x_wconf 86' lang='lat' dir='ltr'><strong><em>Sed</em></strong></span> <span class='ocrx_word' id='word_1_120' title='bbox 805 2860 865 2944; x_wconf 95' lang='lat' dir='ltr'><strong><em>ad</em></strong></span> <span class='ocrx_word' id='word_1_121' title='bbox 890 2861 990 2946; x_wconf 87' lang='lat' dir='ltr'><strong><em>baec</em></strong></span> <span class='ocrx_word' id='word_1_122' title='bbox 1017 2865 1147 2944; x_wconf 85' lang='lat' dir='ltr'><strong><em>iunior</em></strong></span> 
     </span>
     <span class='ocr_line' id='line_1_21' title="bbox 223 2978 1147 3094; baseline 0.003 -32"><span class='ocrx_word' id='word_1_123' title='bbox 223 2978 422 3062; x_wconf 86' lang='lat' dir='ltr'><strong><em>Candaces</em></strong></span> <span class='ocrx_word' id='word_1_124' title='bbox 441 2981 553 3094; x_wconf 83' lang='lat' dir='ltr'><strong><em>filius</em></strong></span> <span class='ocrx_word' id='word_1_125' title='bbox 573 2980 776 3090; x_wconf 80' lang='lat' dir='ltr'><strong><em>Charagos</em></strong></span> <span class='ocrx_word' id='word_1_126' title='bbox 800 2983 983 3080; x_wconf 85' lang='lat' dir='ltr'><strong><em>nomine,</em></strong></span> <span class='ocrx_word' id='word_1_127' title='bbox 1016 2979 1147 3078; x_wconf 80' lang='lat' dir='ltr'><strong><em>Quam</em></strong></span> 
     </span>
     <span class='ocr_line' id='line_1_22' title="bbox 217 3100 1157 3210; baseline 0.005 -30"><span class='ocrx_word' id='word_1_128' title='bbox 217 3100 383 3198; x_wconf 80' lang='lat' dir='ltr'><strong><em>uellem,</em></strong></span> <span class='ocrx_word' id='word_1_129' title='bbox 414 3102 565 3208; x_wconf 84' lang='lat' dir='ltr'><strong><em>inquit,</em></strong></span> <span class='ocrx_word' id='word_1_130' title='bbox 594 3102 788 3200; x_wconf 71' lang='lat' dir='ltr'><strong><em>ostam,</em></strong></span> <span class='ocrx_word' id='word_1_131' title='bbox 817 3121 974 3185; x_wconf 82' lang='lat' dir='ltr'><strong><em>nostrae</em></strong></span> <span class='ocrx_word' id='word_1_132' title='bbox 993 3119 1157 3210; x_wconf 79' lang='lat' dir='ltr'><strong><em>quoque·</em></strong></span> 
     </span>
     <span class='ocr_line' id='line_1_23' title="bbox 218 3212 1154 3330; baseline 0.002 -31"><span class='ocrx_word' id='word_1_133' title='bbox 218 3220 385 3302; x_wconf 87' lang='lat' dir='ltr'><strong><em>iniuriae</em></strong></span> <span class='ocrx_word' id='word_1_134' title='bbox 402 3212 643 3304; x_wconf 89' lang='lat' dir='ltr'><strong><em>meminisse!</em></strong></span> <span class='ocrx_word' id='word_1_135' title='bbox 675 3221 809 3330; x_wconf 86' lang='lat' dir='ltr'><strong><em>Neque</em></strong></span> <span class='ocrx_word' id='word_1_136' title='bbox 826 3223 934 3305; x_wconf 89' lang='lat' dir='ltr'><strong><em>enim</em></strong></span> <span class='ocrx_word' id='word_1_137' title='bbox 955 3220 1063 3303; x_wconf 87' lang='lat' dir='ltr'><strong><em>elam</em></strong></span> <span class='ocrx_word' id='word_1_138' title='bbox 1081 3243 1154 3319; x_wconf 83' lang='lat' dir='ltr'><strong><em>te,·</em></strong></span> 
     </span>
     <span class='ocr_line' id='line_1_24' title="bbox 220 3336 1146 3449; baseline 0.008 -31"><span class='ocrx_word' id='word_1_139' title='bbox 220 3336 333 3418; x_wconf 89' lang='lat' dir='ltr'><strong><em>illum</em></strong></span> <span class='ocrx_word' id='word_1_140' title='bbox 363 3367 477 3448; x_wconf 88' lang='lat' dir='ltr'><strong><em>quem</em></strong></span> <span class='ocrx_word' id='word_1_141' title='bbox 506 3341 741 3449; x_wconf 70' lang='lat' dir='ltr'><strong><em>opitulum</em></strong></span> <span class='ocrx_word' id='word_1_142' title='bbox 783 3343 1010 3424; x_wconf 76' lang='lat' dir='ltr'><strong><em>salutariter</em></strong></span> <span class='ocrx_word' id='word_1_143' title='bbox 1033 3337 1146 3425; x_wconf 78' lang='lat' dir='ltr'><strong><em>dictu</em></strong></span> 
     </span>
     <span class='ocr_line' id='line_1_25' title="bbox 208 3457 1147 3570; baseline 0.009 -36"><span class='ocrx_word' id='word_1_144' title='bbox 208 3457 333 3566; x_wconf 82' lang='lat' dir='ltr'><strong><em>fratri</em></strong></span> <span class='ocrx_word' id='word_1_145' title='bbox 362 3485 474 3554; x_wconf 91' lang='lat' dir='ltr'><strong><em>meo,</em></strong></span> <span class='ocrx_word' id='word_1_146' title='bbox 503 3460 578 3540; x_wconf 88' lang='lat' dir='ltr'><strong><em>mei</em></strong></span> <span class='ocrx_word' id='word_1_147' title='bbox 607 3487 757 3569; x_wconf 82' lang='lat' dir='ltr'><strong><em>quoque</em></strong></span> <span class='ocrx_word' id='word_1_148' title='bbox 778 3464 903 3546; x_wconf 87' lang='lat' dir='ltr'><strong><em>soceri</em></strong></span> <span class='ocrx_word' id='word_1_149' title='bbox 931 3462 1147 3570; x_wconf 83' lang='lat' dir='ltr'><strong><em>intersecta-</em></strong></span> 
     </span>
     <span class='ocr_line' id='line_1_26' title="bbox 218 3577 1144 3691; baseline 0.014 -40"><span class='ocrx_word' id='word_1_150' title='bbox 218 3601 299 3654; x_wconf 89' lang='lat' dir='ltr'><strong><em>rem</em></strong></span> <span class='ocrx_word' id='word_1_151' title='bbox 342 3577 519 3660; x_wconf 79' lang='lat' dir='ltr'><strong><em>extitisse.</em></strong></span> <span class='ocrx_word' id='word_1_152' title='bbox 562 3579 649 3662; x_wconf 85' lang='lat' dir='ltr'><strong><em>Erit</em></strong></span> <span class='ocrx_word' id='word_1_153' title='bbox 692 3582 812 3691; x_wconf 78' lang='lat' dir='ltr'><strong><em>igitur</em></strong></span> <span class='ocrx_word' id='word_1_154' title='bbox 847 3584 1066 3666; x_wconf 77' lang='lat' dir='ltr'><strong><em>manoruer</em></strong></span> <span class='ocrx_word' id='word_1_155' title='bbox 1095 3609 1144 3664; x_wconf 89' lang='lat' dir='ltr'><strong><em>ac</em></strong></span> 
     </span>
    </p>
   </div>
   <div class='ocr_carea' id='block_1_3' title="bbox 263 3817 786 3898">
    <p class='ocr_par' dir='ltr' id='par_1_3' title="bbox 263 3817 786 3898">
     <span class='ocr_line' id='line_1_27' title="bbox 263 3817 786 3898; baseline 0.04 -31"><span class='ocrx_word' id='word_1_156' title='bbox 263 3817 313 3878; x_wconf 74' lang='grc' dir='ltr'><strong><em>ω’</em></strong></span> <span class='ocrx_word' id='word_1_157' title='bbox 328 3825 387 3874; x_wconf 73' lang='lat' dir='ltr'><strong><em>coa</em></strong></span> <span class='ocrx_word' id='word_1_158' title='bbox 407 3824 486 3875; x_wconf 67' lang='lat' dir='ltr'><strong><em>tatto.</em></strong></span> <span class='ocrx_word' id='word_1_159' title='bbox 505 3826 539 3887; x_wconf 70' lang='lat' dir='ltr'><strong><em>a&gt;</em></strong></span> <span class='ocrx_word' id='word_1_160' title='bbox 556 3829 614 3877; x_wconf 74' lang='lat' dir='ltr'><strong><em>coa</em></strong></span> <span class='ocrx_word' id='word_1_161' title='bbox 632 3841 786 3898; x_wconf 64' lang='lat' dir='ltr'><strong><em>ceteram.</em></strong></span> 
     </span>
    </p>
   </div>
   <div class='ocr_carea' id='block_1_4' title="bbox 0 0 1560 4934">
    <p class='ocr_par' dir='ltr' id='par_1_4' title="bbox 0 0 1560 4934">
     <span class='ocr_line' id='line_1_28' title="bbox 0 0 1560 4934; baseline 0 2"><span class='ocrx_word' id='word_1_162' title='bbox 0 0 1560 4934; x_wconf 95' lang='lat' dir='ltr'><strong><em> </em></strong></span> 
     </span>
    </p>
   </div>
  </div>
 </body>
</html>
