<?xml version="1.0" encoding="UTF-8"?>
<!DOCTYPE html PUBLIC "-//W3C//DTD XHTML 1.0 Transitional//EN"
    "http://www.w3.org/TR/xhtml1/DTD/xhtml1-transitional.dtd">
<html xmlns="http://www.w3.org/1999/xhtml" xml:lang="en" lang="en">
 <head>
  <title>
</title>
<meta http-equiv="Content-Type" content="text/html;charset=utf-8" />
  <meta name='ocr-system' content='tesseract 3.04.00' />
  <meta name='ocr-capabilities' content='ocr_page ocr_carea ocr_par ocr_line ocrx_word'/>
</head>
<body>
  <div class='ocr_page' id='page_1' title='image "./itinerariumalex00unkngoog/itinerariumalex00unkngoog_0147.png"; bbox 0 0 3109 4934; ppageno 0'>
   <div class='ocr_carea' id='block_1_1' title="bbox 532 525 1213 603">
    <p class='ocr_par' dir='ltr' id='par_1_1' title="bbox 532 525 1213 603">
     <span class='ocr_line' id='line_1_1' title="bbox 532 525 1213 603; baseline 0.006 -5"><span class='ocrx_word' id='word_1_1' title='bbox 532 527 535 540; x_wconf 91' lang='lat'>&#39;</span> <span class='ocrx_word' id='word_1_2' title='bbox 608 527 686 598; x_wconf 84' lang='lat' dir='ltr'><strong>SEV</strong></span> <span class='ocrx_word' id='word_1_3' title='bbox 710 525 838 598; x_wconf 80' lang='lat' dir='ltr'>LIBER</span> <span class='ocrx_word' id='word_1_4' title='bbox 861 529 888 599; x_wconf 91' lang='lat'><strong>1.</strong></span> <span class='ocrx_word' id='word_1_5' title='bbox 1168 536 1213 603; x_wconf 65' lang='grc' dir='ltr'><strong>ιδ</strong></span> 
     </span>
    </p>
   </div>
   <div class='ocr_carea' id='block_1_2' title="bbox 102 675 1224 3665">
    <p class='ocr_par' dir='ltr' id='par_1_2' title="bbox 128 675 1224 3665">
     <span class='ocr_line' id='line_1_2' title="bbox 279 675 1209 789; baseline 0.008 -31"><span class='ocrx_word' id='word_1_6' title='bbox 279 675 462 759; x_wconf 85' lang='lat' dir='ltr'><strong>Haecine</strong></span> <span class='ocrx_word' id='word_1_7' title='bbox 486 691 555 774; x_wconf 74' lang='lat' dir='ltr'><strong>(a,</strong></span> <span class='ocrx_word' id='word_1_8' title='bbox 587 675 737 789; x_wconf 91' lang='lat' dir='ltr'><strong>inquit,</strong></span> <span class='ocrx_word' id='word_1_9' title='bbox 770 675 972 760; x_wconf 89' lang='lat' dir='ltr'><strong>elementa</strong></span> <span class='ocrx_word' id='word_1_10' title='bbox 1000 697 1036 754; x_wconf 70' lang='grc' dir='ltr'><strong>ιιι</strong></span> <span class='ocrx_word' id='word_1_11' title='bbox 1054 677 1209 764; x_wconf 72' lang='lat' dir='ltr'><strong>&#39;Persae</strong></span> 
     </span>
     <span class='ocr_line' id='line_1_3' title="bbox 279 795 1210 906; baseline 0.004 -28"><span class='ocrx_word' id='word_1_12' title='bbox 279 795 519 880; x_wconf 83' lang='lat' dir='ltr'>mortalibus</span> <span class='ocrx_word' id='word_1_13' title='bbox 538 797 776 893; x_wconf 80' lang='lat' dir='ltr'><strong>venditant,</strong></span> <span class='ocrx_word' id='word_1_14' title='bbox 796 824 902 906; x_wconf 85' lang='lat' dir='ltr'><strong>quae</strong></span> <span class='ocrx_word' id='word_1_15' title='bbox 922 798 1078 880; x_wconf 87' lang='lat' dir='ltr'><strong>cunctis</strong></span> <span class='ocrx_word' id='word_1_16' title='bbox 1096 802 1210 882; x_wconf 90' lang='lat' dir='ltr'><strong>Deus</strong></span> 
     </span>
     <span class='ocr_line' id='line_1_4' title="bbox 279 913 1210 1031; baseline 0.006 -35"><span class='ocrx_word' id='word_1_17' title='bbox 279 915 323 996; x_wconf 89' lang='lat' dir='ltr'><strong>in</strong></span> <span class='ocrx_word' id='word_1_18' title='bbox 342 943 563 999; x_wconf 88' lang='lat' dir='ltr'><strong>commune</strong></span> <span class='ocrx_word' id='word_1_19' title='bbox 584 913 755 1029; x_wconf 89' lang='lat' dir='ltr'><strong>largitus</strong></span> <span class='ocrx_word' id='word_1_20' title='bbox 786 913 874 996; x_wconf 86' lang='lat' dir='ltr'><strong>est?</strong></span> <span class='ocrx_word' id='word_1_21' title='bbox 893 915 1073 997; x_wconf 89' lang='lat' dir='ltr'><strong>Dolebat</strong></span> <span class='ocrx_word' id='word_1_22' title='bbox 1092 947 1210 1031; x_wconf 89' lang='lat' dir='ltr'><strong>ergo,</strong></span> 
     </span>
     <span class='ocr_line' id='line_1_5' title="bbox 280 1031 1211 1148; baseline 0.003 -30"><span class='ocrx_word' id='word_1_23' title='bbox 280 1034 482 1148; x_wconf 83' lang='lat' dir='ltr'><strong>altiusque</strong></span> <span class='ocrx_word' id='word_1_24' title='bbox 525 1033 819 1131; x_wconf 64' lang='lat' dir='ltr'><strong>adolescentuli</strong></span> <span class='ocrx_word' id='word_1_25' title='bbox 859 1031 944 1117; x_wconf 86' lang='lat' dir='ltr'><strong>vim</strong></span> <span class='ocrx_word' id='word_1_26' title='bbox 993 1039 1211 1148; x_wconf 81' lang='lat' dir='ltr'><strong>carpebat,</strong></span> 
     </span>
     <span class='ocr_line' id='line_1_6' title="bbox 280 1153 1212 1269; baseline 0.002 -31"><span class='ocrx_word' id='word_1_27' title='bbox 280 1155 393 1266; x_wconf 90' lang='lat' dir='ltr'><strong>quod</strong></span> <span class='ocrx_word' id='word_1_28' title='bbox 423 1154 505 1239; x_wconf 91' lang='lat' dir='ltr'><strong>viri</strong></span> <span class='ocrx_word' id='word_1_29' title='bbox 533 1153 672 1269; x_wconf 84' lang='lat' dir='ltr'><strong>graeci</strong></span> <span class='ocrx_word' id='word_1_30' title='bbox 702 1153 881 1237; x_wconf 89' lang='lat' dir='ltr'><strong>nominis</strong></span> <span class='ocrx_word' id='word_1_31' title='bbox 912 1183 962 1237; x_wconf 88' lang='lat' dir='ltr'><strong>ac</strong></span> <span class='ocrx_word' id='word_1_32' title='bbox 1003 1155 1212 1269; x_wconf 84' lang='lat' dir='ltr'><strong>dignitatis</strong></span> 
     </span>
     <span class='ocr_line' id='line_1_7' title="bbox 281 1271 1213 1388; baseline 0 -29"><span class='ocrx_word' id='word_1_33' title='bbox 281 1274 504 1388; x_wconf 87' lang='lat' dir='ltr'><strong>vectigales</strong></span> <span class='ocrx_word' id='word_1_34' title='bbox 553 1275 742 1358; x_wconf 85' lang='lat' dir='ltr'><strong>barbaris</strong></span> <span class='ocrx_word' id='word_1_35' title='bbox 789 1271 961 1358; x_wconf 86' lang='lat' dir='ltr'><strong>fierent:</strong></span> <span class='ocrx_word' id='word_1_36' title='bbox 1009 1291 1213 1388; x_wconf 82' lang='lat' dir='ltr'><strong>quaeres</strong></span> 
     </span>
     <span class='ocr_line' id='line_1_8' title="bbox 282 1393 1214 1508; baseline 0.001 -30"><span class='ocrx_word' id='word_1_37' title='bbox 282 1414 387 1478; x_wconf 86' lang='lat' dir='ltr'><strong>esset</strong></span> <span class='ocrx_word' id='word_1_38' title='bbox 410 1393 643 1508; x_wconf 89' lang='lat' dir='ltr'><strong>petentibus</strong></span> <span class='ocrx_word' id='word_1_39' title='bbox 673 1393 824 1507; x_wconf 87' lang='lat' dir='ltr'><strong>iugiter</strong></span> <span class='ocrx_word' id='word_1_40' title='bbox 854 1393 907 1476; x_wconf 89' lang='lat' dir='ltr'><strong>ad</strong></span> <span class='ocrx_word' id='word_1_41' title='bbox 935 1393 1214 1508; x_wconf 87' lang='lat' dir='ltr'><strong>magisterium</strong></span> 
     </span>
     <span class='ocr_line' id='line_1_9' title="bbox 280 1513 1215 1628; baseline 0.003 -31"><span class='ocrx_word' id='word_1_42' title='bbox 280 1513 498 1598; x_wconf 88' lang='lat' dir='ltr'><strong>servitutis.</strong></span> <span class='ocrx_word' id='word_1_43' title='bbox 530 1517 636 1599; x_wconf 87' lang='lat' dir='ltr'><strong>Tum</strong></span> <span class='ocrx_word' id='word_1_44' title='bbox 664 1513 789 1628; x_wconf 89' lang='lat' dir='ltr'><strong>igitur</strong></span> <span class='ocrx_word' id='word_1_45' title='bbox 819 1513 1032 1628; x_wconf 86' lang='lat' dir='ltr'><strong>paululum</strong></span> <span class='ocrx_word' id='word_1_46' title='bbox 1063 1518 1215 1600; x_wconf 87' lang='lat' dir='ltr'><strong>barba-</strong></span> 
     </span>
     <span class='ocr_line' id='line_1_10' title="bbox 282 1631 1216 1746; baseline 0.001 -28"><span class='ocrx_word' id='word_1_47' title='bbox 282 1634 342 1718; x_wconf 90' lang='lat' dir='ltr'><strong>ris</strong></span> <span class='ocrx_word' id='word_1_48' title='bbox 376 1632 561 1719; x_wconf 92' lang='lat' dir='ltr'><strong>indidem</strong></span> <span class='ocrx_word' id='word_1_49' title='bbox 592 1633 788 1746; x_wconf 85' lang='lat' dir='ltr'><strong>separatis</strong></span> <span class='ocrx_word' id='word_1_50' title='bbox 810 1631 960 1733; x_wconf 65' lang='lat' dir='ltr'><strong>,darre</strong></span> <span class='ocrx_word' id='word_1_51' title='bbox 979 1662 1004 1714; x_wconf 90' lang='lat' dir='ltr'><strong>a</strong></span> <span class='ocrx_word' id='word_1_52' title='bbox 1033 1663 1077 1718; x_wconf 87' lang='lat' dir='ltr'><strong>se</strong></span> <span class='ocrx_word' id='word_1_53' title='bbox 1098 1664 1216 1719; x_wconf 88' lang='lat' dir='ltr'><strong>man·</strong></span> 
     </span>
     <span class='ocr_line' id='line_1_11' title="bbox 284 1753 1216 1842; baseline -0.005 -6"><span class='ocrx_word' id='word_1_54' title='bbox 284 1754 379 1836; x_wconf 86' lang='lat' dir='ltr'><strong>data</strong></span> <span class='ocrx_word' id='word_1_55' title='bbox 433 1754 487 1835; x_wconf 89' lang='lat' dir='ltr'><strong>ad</strong></span> <span class='ocrx_word' id='word_1_56' title='bbox 533 1753 709 1842; x_wconf 86' lang='lat' dir='ltr'><strong>Darium</strong></span> <span class='ocrx_word' id='word_1_57' title='bbox 751 1754 893 1838; x_wconf 88' lang='lat' dir='ltr'><strong>iubet:</strong></span> <span class='ocrx_word' id='word_1_58' title='bbox 929 1753 1044 1836; x_wconf 81' lang='lat' dir='ltr'><strong>Haec</strong></span> <span class='ocrx_word' id='word_1_59' title='bbox 1093 1755 1153 1839; x_wconf 90' lang='lat' dir='ltr'><strong>illi</strong></span> <span class='ocrx_word' id='word_1_60' title='bbox 1182 1777 1216 1832; x_wconf 74' lang='lat' dir='ltr'><strong>‹c›</strong></span> 
     </span>
     <span class='ocr_line' id='line_1_12' title="bbox 283 1871 1217 1959; baseline 0.001 -2"><span class='ocrx_word' id='word_1_61' title='bbox 283 1872 564 1958; x_wconf 77' lang='lat' dir='ltr'><strong>Alexandrum</strong></span> <span class='ocrx_word' id='word_1_62' title='bbox 604 1873 802 1958; x_wconf 92' lang='lat' dir='ltr'><strong>nunciare</strong></span> <span class='ocrx_word' id='word_1_63' title='bbox 832 1894 873 1957; x_wconf 94' lang='lat' dir='ltr'><strong>et</strong></span> <span class='ocrx_word' id='word_1_64' title='bbox 917 1871 1077 1958; x_wconf 88' lang='lat' dir='ltr'><strong>dicere:</strong></span> <span class='ocrx_word' id='word_1_65' title='bbox 1117 1875 1217 1959; x_wconf 89' lang='lat' dir='ltr'><strong>boni</strong></span> 
     </span>
     <span class='ocr_line' id='line_1_13' title="bbox 284 1991 1216 2108; baseline 0.002 -31"><span class='ocrx_word' id='word_1_66' title='bbox 284 1991 517 2077; x_wconf 88' lang='lat' dir='ltr'><strong>consuleret</strong></span> <span class='ocrx_word' id='word_1_67' title='bbox 558 2017 600 2078; x_wconf 89' lang='lat' dir='ltr'><strong>et</strong></span> <span class='ocrx_word' id='word_1_68' title='bbox 630 1996 681 2077; x_wconf 89' lang='lat' dir='ltr'><strong>ab</strong></span> <span class='ocrx_word' id='word_1_69' title='bbox 712 1995 791 2076; x_wconf 89' lang='lat' dir='ltr'><strong>hac</strong></span> <span class='ocrx_word' id='word_1_70' title='bbox 832 1993 999 2108; x_wconf 90' lang='lat' dir='ltr'><strong>petendi</strong></span> <span class='ocrx_word' id='word_1_71' title='bbox 1040 2023 1216 2079; x_wconf 90' lang='lat' dir='ltr'><strong>consue-</strong></span> 
     </span>
     <span class='ocr_line' id='line_1_14' title="bbox 283 2113 1216 2251; baseline 0.005 -56"><span class='ocrx_word' id='word_1_72' title='bbox 283 2113 427 2198; x_wconf 89' lang='lat' dir='ltr'><strong>tudine</strong></span> <span class='ocrx_word' id='word_1_73' title='bbox 471 2133 728 2228; x_wconf 84' lang='lat' dir='ltr'><strong>temperaret.</strong></span> <span class='ocrx_word' id='word_1_74' title='bbox 760 2113 925 2251; x_wconf 87' lang='lat' dir='ltr'><strong>Quippe</strong></span> <span class='ocrx_word' id='word_1_75' title='bbox 974 2141 1098 2226; x_wconf 89' lang='lat' dir='ltr'><strong>quem</strong></span> <span class='ocrx_word' id='word_1_76' title='bbox 1127 2113 1216 2230; x_wconf 88' lang='lat' dir='ltr'><strong>ipsc</strong></span> 
     </span>
     <span class='ocr_line' id='line_1_15' title="bbox 284 2231 1218 2347; baseline 0.004 -31"><span class='ocrx_word' id='word_1_77' title='bbox 284 2261 443 2317; x_wconf 89' lang='lat' dir='ltr'><strong>morem</strong></span> <span class='ocrx_word' id='word_1_78' title='bbox 491 2234 681 2346; x_wconf 90' lang='lat' dir='ltr'><strong>petendis</strong></span> <span class='ocrx_word' id='word_1_79' title='bbox 730 2231 919 2347; x_wconf 86' lang='lat' dir='ltr'><strong>pecuniis</strong></span> <span class='ocrx_word' id='word_1_80' title='bbox 967 2234 1218 2336; x_wconf 79' lang='lat' dir='ltr'><strong>indixisset,</strong></span> 
     </span>
     <span class='ocr_line' id='line_1_16' title="bbox 286 2351 1218 2468; baseline 0.006 -34"><span class='ocrx_word' id='word_1_81' title='bbox 286 2355 399 2436; x_wconf 88' lang='lat' dir='ltr'><strong>hunc</strong></span> <span class='ocrx_word' id='word_1_82' title='bbox 427 2384 451 2436; x_wconf 89' lang='lat' dir='ltr'><strong>a</strong></span> <span class='ocrx_word' id='word_1_83' title='bbox 481 2381 526 2437; x_wconf 87' lang='lat' dir='ltr'><strong>se</strong></span> <span class='ocrx_word' id='word_1_84' title='bbox 542 2353 730 2468; x_wconf 90' lang='lat' dir='ltr'><strong>protinus</strong></span> <span class='ocrx_word' id='word_1_85' title='bbox 752 2373 940 2435; x_wconf 82' lang='lat' dir='ltr'><strong>exactum</strong></span> <span class='ocrx_word' id='word_1_86' title='bbox 959 2351 1028 2438; x_wconf 88' lang='lat' dir='ltr'><strong>iri:</strong></span> <span class='ocrx_word' id='word_1_87' title='bbox 1053 2382 1218 2466; x_wconf 88' lang='lat' dir='ltr'><strong>unaque</strong></span> 
     </span>
     <span class='ocr_line' id='line_1_17' title="bbox 288 2472 1219 2589; baseline 0.002 -32"><span class='ocrx_word' id='word_1_88' title='bbox 288 2501 381 2557; x_wconf 87' lang='lat' dir='ltr'><strong>cum</strong></span> <span class='ocrx_word' id='word_1_89' title='bbox 410 2472 508 2572; x_wconf 86' lang='lat' dir='ltr'><strong>his,</strong></span> <span class='ocrx_word' id='word_1_90' title='bbox 539 2503 644 2585; x_wconf 89' lang='lat' dir='ltr'><strong>quae</strong></span> <span class='ocrx_word' id='word_1_91' title='bbox 664 2492 757 2558; x_wconf 90' lang='lat' dir='ltr'><strong>ante</strong></span> <span class='ocrx_word' id='word_1_92' title='bbox 777 2473 969 2589; x_wconf 87' lang='lat' dir='ltr'><strong>dispensa</strong></span> <span class='ocrx_word' id='word_1_93' title='bbox 992 2472 1075 2557; x_wconf 89' lang='lat' dir='ltr'><strong>sint</strong></span> <span class='ocrx_word' id='word_1_94' title='bbox 1086 2505 1219 2588; x_wconf 89' lang='lat' dir='ltr'><strong>‚·pro</strong></span> 
     </span>
     <span class='ocr_line' id='line_1_18' title="bbox 287 2591 1221 2732; baseline 0.004 -56"><span class='ocrx_word' id='word_1_95' title='bbox 287 2591 377 2732; x_wconf 77' lang='lat' dir='ltr'><strong>pria</strong></span> <span class='ocrx_word' id='word_1_96' title='bbox 398 2623 681 2708; x_wconf 86' lang='lat' dir='ltr'><strong>quaecumque</strong></span> <span class='ocrx_word' id='word_1_97' title='bbox 701 2591 925 2678; x_wconf 87' lang='lat' dir='ltr'><strong>sintPersis</strong></span> <span class='ocrx_word' id='word_1_98' title='bbox 938 2593 1221 2680; x_wconf 83' lang='lat' dir='ltr'><strong>Alexandrum</strong></span> 
     </span>
     <span class='ocr_line' id='line_1_19' title="bbox 285 2711 1220 2830; baseline 0.003 -34"><span class='ocrx_word' id='word_1_99' title='bbox 285 2715 519 2828; x_wconf 88' lang='lat' dir='ltr'><strong>petiturum.</strong></span> <span class='ocrx_word' id='word_1_100' title='bbox 552 2715 659 2797; x_wconf 91' lang='lat' dir='ltr'><strong>Cum</strong></span> <span class='ocrx_word' id='word_1_101' title='bbox 688 2714 752 2797; x_wconf 90' lang='lat' dir='ltr'><strong>his</strong></span> <span class='ocrx_word' id='word_1_102' title='bbox 782 2711 900 2798; x_wconf 87' lang='lat' dir='ltr'><strong>dictis</strong></span> <span class='ocrx_word' id='word_1_103' title='bbox 931 2712 1057 2830; x_wconf 82' lang='lat' dir='ltr'><strong>exigit</strong></span> <span class='ocrx_word' id='word_1_104' title='bbox 1084 2715 1220 2798; x_wconf 90' lang='lat' dir='ltr'><strong>homi·</strong></span> 
     </span>
     <span class='ocr_line' id='line_1_20' title="bbox 286 2831 1222 2950; baseline -0.002 -31"><span class='ocrx_word' id='word_1_105' title='bbox 286 2863 359 2920; x_wconf 87' lang='lat' dir='ltr'><strong>nes</strong></span> <span class='ocrx_word' id='word_1_106' title='bbox 409 2831 652 2950; x_wconf 86' lang='lat' dir='ltr'><strong>proficisci,</strong></span> <span class='ocrx_word' id='word_1_107' title='bbox 700 2861 753 2916; x_wconf 89' lang='lat' dir='ltr'><strong>ne</strong></span> <span class='ocrx_word' id='word_1_108' title='bbox 794 2833 1021 2916; x_wconf 87' lang='lat' dir='ltr'><strong>litterarum</strong></span> <span class='ocrx_word' id='word_1_109' title='bbox 1052 2834 1222 2946; x_wconf 90' lang='lat' dir='ltr'><strong>quidem</strong></span> 
     </span>
     <span class='ocr_line' id='line_1_21' title="bbox 285 2951 1224 3068; baseline 0.002 -32"><span class='ocrx_word' id='word_1_110' title='bbox 285 2983 425 3068; x_wconf 90' lang='lat' dir='ltr'><strong>regem</strong></span> <span class='ocrx_word' id='word_1_111' title='bbox 454 2954 724 3068; x_wconf 89' lang='lat' dir='ltr'><strong>responsione</strong></span> <span class='ocrx_word' id='word_1_112' title='bbox 767 2953 970 3068; x_wconf 88' lang='lat' dir='ltr'><strong>dignatus.</strong></span> <span class='ocrx_word' id='word_1_113' title='bbox 1002 2951 1065 3035; x_wconf 87' lang='lat' dir='ltr'><strong>Ad</strong></span> <span class='ocrx_word' id='word_1_114' title='bbox 1096 2953 1224 3038; x_wconf 91' lang='lat' dir='ltr'><strong>animi</strong></span> 
     </span>
     <span class='ocr_line' id='line_1_22' title="bbox 288 3071 1223 3189; baseline 0 -33"><span class='ocrx_word' id='word_1_115' title='bbox 288 3075 374 3158; x_wconf 91' lang='lat' dir='ltr'><strong>eius</strong></span> <span class='ocrx_word' id='word_1_116' title='bbox 404 3071 757 3189; x_wconf 87' lang='lat' dir='ltr'><strong>magnificentiam</strong></span> <span class='ocrx_word' id='word_1_117' title='bbox 786 3071 1003 3188; x_wconf 91' lang='lat' dir='ltr'><strong>Philippus</strong></span> <span class='ocrx_word' id='word_1_118' title='bbox 1033 3073 1223 3185; x_wconf 82' lang='lat' dir='ltr'><strong>erigeba-</strong></span> 
     </span>
     <span class='ocr_line' id='line_1_23' title="bbox 288 3189 1223 3325; baseline 0 -49"><span class='ocrx_word' id='word_1_119' title='bbox 288 3213 382 3293; x_wconf 89' lang='lat' dir='ltr'><strong>tur,</strong></span> <span class='ocrx_word' id='word_1_120' title='bbox 413 3196 525 3308; x_wconf 89' lang='lat' dir='ltr'><strong>quod</strong></span> <span class='ocrx_word' id='word_1_121' title='bbox 557 3195 662 3277; x_wconf 86' lang='lat' dir='ltr'><strong>adeo</strong></span> <span class='ocrx_word' id='word_1_122' title='bbox 693 3191 892 3277; x_wconf 85' lang='lat' dir='ltr'><strong>fidentem</strong></span> <span class='ocrx_word' id='word_1_123' title='bbox 912 3214 954 3275; x_wconf 90' lang='lat' dir='ltr'><strong>et</strong></span> <span class='ocrx_word' id='word_1_124' title='bbox 972 3189 1223 3325; x_wconf 89' lang='lat' dir='ltr'><strong>intrepidum</strong></span> 
     </span>
     <span class='ocr_line' id='line_1_24' title="bbox 290 3309 1221 3398; baseline -0.003 -1"><span class='ocrx_word' id='word_1_125' title='bbox 290 3344 385 3397; x_wconf 90' lang='lat' dir='ltr'><strong>eum</strong></span> <span class='ocrx_word' id='word_1_126' title='bbox 417 3335 590 3398; x_wconf 85' lang='lat' dir='ltr'><strong>naturae</strong></span> <span class='ocrx_word' id='word_1_127' title='bbox 620 3341 717 3396; x_wconf 89' lang='lat' dir='ltr'><strong>suae</strong></span> <span class='ocrx_word' id='word_1_128' title='bbox 736 3317 848 3397; x_wconf 90' lang='lat' dir='ltr'><strong>bona</strong></span> <span class='ocrx_word' id='word_1_129' title='bbox 872 3341 1055 3396; x_wconf 88' lang='lat' dir='ltr'><strong>asserere</strong></span> <span class='ocrx_word' id='word_1_130' title='bbox 1087 3309 1221 3394; x_wconf 88' lang='lat' dir='ltr'><strong>intue-</strong></span> 
     </span>
     <span class='ocr_line' id='line_1_25' title="bbox 102 3427 1222 3568; baseline -0.001 -49.976"><span class='ocrx_word' id='word_1_131' title='bbox 102 3453 195 3568; x_wconf 56' lang='lat'><strong>*¹3</strong></span> <span class='ocrx_word' id='word_1_132' title='bbox 197 3451 277 3498; x_wconf 64' lang='lat'><strong>⁸¹·-</strong></span> <span class='ocrx_word' id='word_1_133' title='bbox 248 3454 417 3518; x_wconf 63' lang='lat' dir='ltr'><strong>cretur.</strong></span> <span class='ocrx_word' id='word_1_134' title='bbox 446 3427 577 3548; x_wconf 78' lang='lat' dir='ltr'><strong>Igitur</strong></span> <span class='ocrx_word' id='word_1_135' title='bbox 607 3461 701 3516; x_wconf 91' lang='lat' dir='ltr'><strong>cum</strong></span> <span class='ocrx_word' id='word_1_136' title='bbox 731 3434 873 3518; x_wconf 88' lang='lat' dir='ltr'><strong>vicina</strong></span> <span class='ocrx_word' id='word_1_137' title='bbox 906 3457 1048 3528; x_wconf 74' lang='lat' dir='ltr'><strong>rursus</strong></span> <span class='ocrx_word' id='word_1_138' title='bbox 1079 3431 1222 3517; x_wconf 86' lang='lat' dir='ltr'><strong>civitas</strong></span> 
     </span>
     <span class='ocr_line' id='line_1_26' title="bbox 205 3533 1224 3665; baseline -0.002 -28.804"><span class='ocrx_word' id='word_1_139' title='bbox 205 3533 345 3636; x_wconf 82' lang='lat' dir='ltr'><strong>‘¹¹’de</strong></span> <span class='ocrx_word' id='word_1_140' title='bbox 375 3553 574 3665; x_wconf 89' lang='lat' dir='ltr'><strong>obsequio</strong></span> <span class='ocrx_word' id='word_1_141' title='bbox 603 3553 846 3650; x_wconf 85' lang='lat' dir='ltr'><strong>vacillaret,</strong></span> <span class='ocrx_word' id='word_1_142' title='bbox 888 3553 1009 3636; x_wconf 89' lang='lat' dir='ltr'><strong>datur</strong></span> <span class='ocrx_word' id='word_1_143' title='bbox 1047 3551 1224 3636; x_wconf 83' lang='lat' dir='ltr'><strong>Alexan·</strong></span> 
     </span>
    </p>
   </div>
   <div class='ocr_carea' id='block_1_3' title="bbox 294 3671 1163 3788">
    <p class='ocr_par' dir='ltr' id='par_1_3' title="bbox 294 3671 1163 3788">
     <span class='ocr_line' id='line_1_27' title="bbox 294 3671 1163 3788; baseline -0.003 -32"><span class='ocrx_word' id='word_1_144' title='bbox 294 3675 369 3756; x_wconf 93' lang='lat' dir='ltr'><strong>dro</strong></span> <span class='ocrx_word' id='word_1_145' title='bbox 399 3674 615 3788; x_wconf 86' lang='lat' dir='ltr'><strong>expeditio.</strong></span> <span class='ocrx_word' id='word_1_146' title='bbox 646 3671 785 3787; x_wconf 84' lang='lat' dir='ltr'><strong>Pergit</strong></span> <span class='ocrx_word' id='word_1_147' title='bbox 814 3700 898 3783; x_wconf 90' lang='lat' dir='ltr'><strong>quo</strong></span> <span class='ocrx_word' id='word_1_148' title='bbox 927 3671 1060 3757; x_wconf 88' lang='lat' dir='ltr'><strong>iussus</strong></span> <span class='ocrx_word' id='word_1_149' title='bbox 1091 3693 1163 3754; x_wconf 89' lang='lat' dir='ltr'><strong>est.</strong></span> 
     </span>
    </p>
   </div>
   <div class='ocr_carea' id='block_1_4' title="bbox 0 0 1582 4934">
    <p class='ocr_par' dir='ltr' id='par_1_4' title="bbox 0 0 1582 4934">
     <span class='ocr_line' id='line_1_28' title="bbox 0 0 1582 4934; baseline 0 0"><span class='ocrx_word' id='word_1_150' title='bbox 0 0 1582 4934; x_wconf 95' lang='lat' dir='ltr'><strong> </strong></span> 
     </span>
    </p>
   </div>
  </div>
 </body>
</html>
