3109 4934
386 541 431 610 44
639 515 899 590 amrinum
924 514 1066 588 otrus

224 709 368 756 varnier
443 667 634 756 XXXIV.
669 665 734 753 Ibi
769 667 904 752 adhuc
936 685 1102 782 petente
1136 663 1316 752 Alexan·

199 777 486 891 :32:2⁹¹'112'drm
504 813 550 874 ut
569 789 651 875 sibi
680 792 732 872 de
762 785 848 873 fine
876 786 986 872 vitae
1015 790 1130 871 Deua
1159 785 1317 900 aliquid

111 953 117 964 .
198 914 299 959 unno-
383 911 578 997 fateretur
596 931 659 1008 to,
689 909 733 994 in
763 911 866 992 haec
893 934 1141 1020 responsum
1168 927 1252 992 ert:
1294 952 1297 958 ·

383 1109 473 1176 Prae
497 1123 625 1176 cuncta
648 1105 724 1174 vita
746 1102 973 1173 commodum
1000 1123 1056 1174 ert
1078 1102 1292 1173 mortriibnt
1317 1104 1355 1162 (¹)

383 1201 534 1270 Netoire
557 1197 689 1290 quibus
714 1200 820 1267 metir
844 1198 918 1266 fata
941 1197 1157 1267 claudantur
1180 1198 1250 1264 rui.

383 1295 487 1362 Menr
511 1296 648 1386 qnippe
672 1291 825 1360 homulli
848 1310 923 1358 non
946 1291 1046 1362 videt
1067 1290 1274 1374 variantia,

386 1387 488 1474 Quae
512 1387 685 1458 reformat
707 1407 837 1478 perpet
862 1385 942 1452 aevi
972 1385 1182 1455 aeternitas.

384 1479 474 1548 Nam
498 1481 529 1548 ri
553 1493 669 1550 oettar
693 1498 839 1546 natnnnr
864 1478 1042 1560 roientir,

384 1570 494 1642 Laeta
517 1592 571 1642 ert
594 1571 734 1641 timorit
760 1571 875 1638 omnir
903 1570 1096 1668 ignoratio.

386 1661 506 1754 Quare
530 1665 568 1735 id
592 1682 716 1758 putato
742 1681 818 1732 tute
842 1664 1158 1747 comodirrimnm,

385 1761 421 1828 Si
444 1782 527 1852 tpet
551 1758 665 1831 futuri
691 1757 792 1825 nullo
817 1756 985 1826 foedetur
1010 1775 1121 1828 metu.

383 1851 477 1948 Ergo
491 1851 600 1920 -hitce
615 1872 709 1944 qnae
722 1849 774 1920 far
791 1868 846 1920 ett
858 1851 1039 1921 inrtruare
1064 1868 1102 1920 et
1117 1851 1311 1945 praetciar.
1346 1904 1351 1913 .

384 1947 438 2014 Tu
461 1967 544 2014 nam
568 1945 705 2014 levatur
731 1962 854 2013 nortra
877 1946 1130 2039 praepotentia

384 2038 567 2126 Qnaeourn
597 2063 640 2108 ne
663 2061 751 2134 genr
776 2041 824 2106 rit
847 2037 956 2107 obvia
980 2057 1119 2109 tterner
1146 2059 1266 2106 mann.

383 2131 557 2225 Tuncque
570 2061 672 2202 1iraeo
697 2133 832 2202 reviret
859 2133 980 2200 animo
1004 2131 1099 2201 liber
1125 2149 1188 2200 tno
1210 2135 1258 2197 (ὓ).

385 2223 478 2292 Urbt
502 2247 592 2296 vero
616 2248 724 2318 qnam
747 2247 843 2296 nuno
867 2225 976 2322 erigit
1007 2225 1132 2294 mnndi
1166 2224 1277 2294 deent

383 2317 518 2386 Nitorit
542 2337 669 2428 urguet
691 2325 757 2400 (⁸),
783 2319 922 2388 cunctir
946 2316 1165 2412 exoptabilit

382 2409 544 2495 Saeclir,
566 2434 751 2481 vrretoent
776 2429 980 2504 temporum
1004 2411 1245 2491 recnrtibnr,

384 2503 535 2596 Unaque
559 2527 701 2598 temper
723 2505 814 2573 fulta
837 2503 1083 2589 beatitudine,

385 2597 568 2690 Frequenr
593 2599 750 2667 Deorum
773 2597 917 2693 templir
942 2617 1052 2692 atque
1075 2599 1253 2679 numine,
1369 2595 1374 2602 ’

251 2711 255 2716 ·
383 2690 576 2784 Deoutque
599 2692 748 2762 vincent
772 2693 907 2761 nivium
931 2691 1152 2762 eoncordia:

384 2783 516 2853 Oblata
539 2779 572 2848 ie)
596 2785 701 2856 tedet
724 2784 824 2854 vitae
848 2786 955 2878 quale
985 2804 1060 2855 tum
1085 2785 1181 2881 rapit

384 2878 654 2971 Cunabnlirqne
679 2878 816 2974 gratior
840 2879 1071 2976 genitalibnt.

385 2973 531 3066 Quippe
555 2974 633 3066 ipre
657 2973 763 3042 laetis
788 2972 952 3044 coetibnr
978 2972 1125 3066 praetnl
1150 2968 1248 3043 Chao

386 3067 628 3136 Interminatir
646 3067 879 3160 taecuiornm
904 3066 1070 3136 curribnt

384 3159 544 3228 Fundata
568 3158 664 3253 qnod
689 3160 736 3230 rit
759 3149 867 3230 tellur
890 3159 991 3229 hirce
1015 3159 1182 3256 iegibnr,

418 3340 454 3393 (⁰)
470 3339 531 3384 Cori.
556 3341 615 3386 rm
628 3351 711 3388 renent
728 3342 787 3387 titre
803 3339 918 3386 tta-tit
934 3351 967 3385 etr
982 3337 1112 3384 norttIr'irr
1130 3337 1214 3400 defin
1230 3348 1315 3384 etna

382 3403 483 3466 fitium
492 3407 578 3453 uttct'rr
588 3418 632 3452 tte.
645 3403 681 3471 (i)
691 3409 751 3458 cor.
758 3409 842 3455 litem
852 3419 910 3454 tter.
920 3413 952 3464 (e)
961 3410 998 3454 lte
1005 3407 1059 3453 toti.
1066 3421 1123 3454 nrt:
1132 3407 1221 3454 {tetum
1229 3406 1316 3451 otuu.

425 3573 468 3636 (1)
492 3567 579 3624 Recte
598 3570 760 3625 Alexander
791 3571 828 3625 de
861 3572 937 3624 vitre
970 3590 1039 3626 tute
1069 3569 1126 3624 fine
1156 3567 1316 3641 interrogat

387 3646 574 3718 Serapidem,
593 3665 678 3718 quem
699 3648 832 3717 ruperint
853 3665 918 3718 cap.
946 3661 1031 3704 xum.
1059 3665 1088 3716 p.
1110 3643 1156 3702 25.
1175 3666 1204 3702 n.
1225 3662 1249 3704 1.
1269 3647 1317 3702 di·

386 3731 480 3784 x'mut
501 3723 632 3779 eumdem
652 3742 714 3778 erte
732 3741 766 3778 re
786 3721 934 3779 Piutonem
961 3743 1010 3780 teu
1026 3723 1143 3793 ’atter

408 3751 464 3874 ¹(2)
485 3801 518 3856 Id
539 3816 582 3858 rtt
600 3818 699 3877 urguet
720 3819 770 3858 reu
786 3803 869 3859 uincit
888 3801 970 3861 rietur
988 3804 1089 3863 nitoris
1106 3799 1209 3862 nundi·
