3109 4934
576 483 829 556 ttnxtnnnt
1117 489 1163 576 45

237 636 406 733 relicta,
457 632 667 746 accitaque
716 655 811 749 post
857 631 910 716 id.
957 633 1022 719 Sic
1052 632 1164 718 enim

237 754 352 870 regia
393 753 503 838 iussa
551 753 908 869 praescripserant.
951 756 1013 836 Ac
1057 753 1165 866 siqui

236 879 289 960 ab
320 903 364 958 se
394 887 432 954 ‹a›
462 869 644 957 distracti
674 870 878 955 fortunam
906 871 1005 956 belli
1040 872 1165 957 meri·

236 1009 376 1078 tumve
406 991 575 1076 victoris
607 991 848 1106 elegerunt,
878 991 946 1076 vel
974 991 1083 1103 siqui
1115 994 1169 1075 ad

237 1114 324 1198 eius
354 1110 563 1197 iudicium·
579 1130 861 1225 provocarunt
885 1124 927 1193 n)
951 1111 1071 1196 venia
1097 1111 1168 1193 do-

236 1233 322 1316 nati
353 1260 516 1315 ornnes:
548 1231 702 1315 Graeci
731 1259 896 1346 quoque
915 1230 1026 1313 mille
1045 1232 1167 1342 quin·

236 1351 349 1467 genti
392 1351 465 1463 qui
505 1349 635 1437 Dario
675 1349 864 1435 mercede
908 1349 1164 1438 mih'tabant:

235 1501 387 1582 eosque
417 1498 512 1555 suor
543 1469 650 1554 facit
1251 1459 1260 1474 ’

62 1638 166 1684 Μ..
179 1651 220 1681 n.
291 1591 442 1696 LXXI.
466 1590 635 1674 Interim
665 1611 802 1674 tamen
824 1589 990 1672 Mardos
1022 1617 1165 1686 excur-

38 1707 111 1771 ΜΨ·
235 1709 307 1812 rit,
331 1733 372 1792 et
392 1699 531 1825 captos
551 1709 661 1792 bello
687 1709 838 1823 redigit
860 1711 905 1792 in
925 1708 1168 1820 obsequium

235 1829 338 1914 nihil
359 1828 541 1914 omnium
559 1851 807 1913 rennuentes
819 1829 836 1938 (
847 1831 920 1914 sed
935 1827 1046 1913 enirn
1057 1831 1168 1911 Mar-

235 1950 327 2049 dis,
356 1971 519 2063 praeter
549 1978 661 2033 arma
697 1950 921 2060 viresque,
949 1948 1060 2032 nulla
1090 1977 1166 2032 sua

233 2098 301 2154 res
332 2073 421 2180 est)
453 2098 578 2184 opum
604 2099 703 2153 cura
739 2063 975 2182 posthabita
1014 2068 1166 2179 perdu-

231 2217 328 2273 rans
346 2227 383 2280 ω
403 2217 507 2298 quae
537 2208 693 2272 ceteros
719 2185 937 2271 hominnm
967 2186 1166 2272 exercitos

233 2311 367 2394 habet.
397 2307 516 2392 Exim
544 2307 765 2393 revertenti
795 2307 987 2423 Spartani
1029 2337 1073 2391 se
1103 2306 1166 2392 of·

232 2427 400 2534 ferunt,
432 2431 503 2542 qui
532 2427 652 2515 Darii
682 2428 904 2513 amicitiam
933 2429 1163 2541 petierant:
1236 2469 1240 2474 ·

234 2552 307 2632 sed
338 2549 535 2633 custodiri
563 2547 811 2632 mandantur
857 2548 1035 2663 suspecti
1070 2547 1167 2632 sim·

232 2669 349 2786 plicis
381 2666 660 2754 confidentiae·
673 2685 722 2752 (ε).

86 2828 128 2884 π,
130 2841 218 2874 ,,,,,,
291 2787 457 2872 LXXII.
487 2791 594 2872 Tum
625 2810 807 2874 moratus
836 2789 1085 2874 Xazacertae
1119 2787 1166 2870 in

37 2893 218 3012 ῗξῗζξζζξῗ·
234 2908 443 3024 Hyrcania
468 2907 554 2992 dies
575 2907 829 3021 quindecim,
848 2911 1023 2993 Parthos
1049 2906 1167 2988 Ario·

229 3057 386 3140 nosque
399 3045 432 3112 tc>
460 3025 762 3142 proficiscitur,
796 3051 837 3112 et
867 3028 1025 3112 Susiam
1065 3024 1165 3110 civi·

231 3168 381 3247 tatem,
424 3150 541 3274 quoti
568 3151 719 3232 Besum
749 3148 834 3233 illic
864 3147 973 3230 bello
1002 3146 1164 3230 studere

265 3351 301 3401 (a)
317 3347 377 3392 Cod-
394 3361 421 3390 ar
439 3347 507 3409 rr‘qrr't
524 3347 558 3391 ad
571 3363 606 3394 ree
623 3347 726 3404 (itcod.
737 3345 773 3394 ui
788 3349 829 3410 pru·
842 3348 950 3394 adnm
962 3343 1164 3406 iuditium.

233 3410 267 3474 (r)
284 3416 321 3459 ltu
337 3415 391 3460 eod.
408 3415 505 3461 Hrliem
521 3417 616 3461 Arianos
632 3427 673 3461 tat
689 3417 760 3462 Artos.

272 3607 320 3734 (tl),
334 3602 440 3676 Nempe
458 3605 620 3663 Alexander
633 3608 663 3662 in
675 3605 856 3676 captivandis
873 3608 984 3664 Mardi·
1003 3607 1073 3662 lieet
1090 3623 1163 3678 prn-

233 3695 298 3749 perr
322 3699 365 3736 ur.

270 3761 315 3829 (a)
334 3758 441 3831 Nempe
460 3759 613 3834 deditionit
633 3759 771 3816 sincerae.
