3109 4934
577 577 656 653 SEV
680 575 809 652 LIBER
831 577 896 650 111.
1118 594 1185 669 149

246 763 277 816 n
308 753 390 816 tam
441 727 664 812 inconsulti
708 727 883 811 huiusce
934 718 1185 810 discriminis

249 886 277 934 a>
309 845 466 948 vestri,
497 877 592 932 cum
616 844 721 931 nihil
743 845 877 962 egerit
907 845 1018 929 aliud
1045 865 1187 930 nostra

249 1001 278 1052 >›
308 968 524 1053 internos
555 965 770 1080 proeliatio
801 993 928 1078 quam
957 963 1018 1046 uti
1046 985 1187 1050 uestro

249 1121 277 1172 n
311 1089 530 1172 commodo
585 1084 849 1170 consultaret.
905 1078 1038 1198 Igitur
1091 1111 1186 1167 cum

251 1241 281 1292 a>
313 1206 445 1293 omnis
468 1204 729 1288 militantium
748 1205 813 1289 vis
839 1225 882 1288 et
912 1201 1130 1294 ostentatio
1148 1221 1188 1280 <o

252 1361 281 1412 »
310 1323 527 1443 proficiat,
566 1321 626 1422 si,
669 1345 773 1412 teste
803 1321 1049 1438 imperatore
1076 1349 1155 1406 suo
1168 1381 1187 1438 t

251 1479 282 1530 a>
310 1447 426 1559 quod
466 1441 638 1558 singulis
666 1442 719 1528 sit
746 1445 884 1530 devoti
915 1441 1042 1527 animi
1068 1469 1189 1524 mon·

256 1600 284 1648 n
317 1563 540 1650 straverint
570 1596 582 1662 3
613 1562 712 1676 quid
750 1565 831 1647 hoc
870 1563 933 1646 rei
976 1581 1041 1644 est
1075 1560 1190 1673 quod

254 1719 282 1768 n
318 1689 528 1768 incassum
574 1682 810 1766 discrimina
852 1702 990 1768 vestra
1018 1677 1190 1795 profun-

255 1837 284 1886 n
317 1806 427 1902 ditis,
447 1805 543 1888 Pori
565 1801 646 1885 iam
667 1798 1192 1886 testimoniosncessente»l

320 1923 409 2007 XV.
428 1922 495 2009 nd
515 1923 618 2006 haec
640 1920 751 2006 dicta
781 1939 876 2012 (alm
904 1921 997 2006 Indi
1016 1949 1062 2006 se
1081 1919 1191 2004 nolle

254 2041 428 2129 Graecis
448 2041 543 2127 fieri
558 2041 743 2157 captivos
774 2041 1068 2154 dominumque
1097 2039 1194 2126 Ale-

252 2163 464 2246 ⁴itandrum
495 2161 582 2274 pati
609 2161 725 2274 vulgi
754 2188 966 2246 murmure
996 2179 1195 2244 testaren-

260 2302 357 2381 tur,
386 2281 571 2366 secundo
600 2280 721 2363 etiam
752 2309 943 2366 sermone
962 2280 1195 2363 Alexander

254 2421 430 2500 monet,
475 2432 502 2481 s<
533 2400 748 2484 solverent
789 2402 902 2484 hune
945 2398 1082 2484 cordis
1131 2397 1197 2484 sni

256 2551 287 2604 n
326 2541 480 2604 metum
539 2520 944 2634 expectationemque
1002 2547 1199 2605 curarum

261 2671 290 2722 n
324 2639 528 2724 eiusmodi
549 2641 763 2723 abicerent
782 2659 905 2751 atque
925 2639 1197 2724 secluderent:

257 2791 286 2840 n
320 2782 363 2844 et
391 2757 516 2843 fidem
545 2759 626 2843 rati
664 2761 735 2844 dat
752 2758 1029 2844 iureiurando.
1048 2759 1198 2871 Neque

262 2909 289 2959 »
326 2877 435 2963 enim
462 2881 548 2965 sibi
575 2879 794 2964 libidinem
829 2881 952 2963 talem
982 2897 1052 2962 aut
1093 2879 1200 2962 desi·

261 3029 288 3080 n
326 2997 488 3082 derium
535 3027 732 3111 umquam
774 2998 905 3084 indici
935 2993 1100 3112 imperii
1128 2997 1201 3081 ad·

261 3149 290 3200 n
326 3117 475 3202 suusne
507 3135 571 3200 to:
614 3119 691 3202 sed
734 3118 850 3202 enim
894 3146 1060 3203 omnem
1088 3115 1202 3201 illarn

258 3271 291 3318 -a
323 3265 493 3321 cansam
523 3235 672 3350 proelii
701 3238 811 3320 hanc
831 3234 989 3338 fuisse,
1017 3237 1054 3322 si
1080 3265 1206 3351 expe·

264 3388 292 3437 n
325 3357 504 3440 rimento
524 3355 615 3469 ipso
635 3353 891 3442 fortitudinis
921 3386 1036 3459 suae,
1061 3377 1205 3472 gentes

267 3507 294 3556 »
328 3503 496 3587 quoque
520 3495 684 3558 'ceterae
704 3476 962 3578 didicissent,
988 3475 1207 3564 amicitiam

265 3624 295 3673 n
327 3621 442 3676 suam
487 3591 669 3708 singulos
691 3617 724 3672 tn
743 3596 877 3710 magis
923 3626 1046 3710 quam
1080 3599 1209 3682 vehe·
1341 3643 1348 3658 ·

265 3743 292 3791 >a
326 3715 518 3796 mentium
563 3712 754 3826 experiri.
803 3715 1043 3801 Convenire
1081 3713 1210 3829 igitur

294 3887 331 3936 (s)
348 3883 408 3928 cad.
425 3885 575 3931 amassai.
595 3883 629 3938 <ll
646 3883 708 3929 (lod.
724 3883 855 3932 adstitisset.
881 3890 916 3944 (s)
940 3887 978 3934 lss
1006 3885 1072 3939 sod.⁴
1103 3883 1211 3949 sls‘slss.

262 3948 352 4000 Gonia
368 3951 480 4000 tunm.
497 3967 552 4014 esp.
570 3964 617 3999 ovs.
636 3965 661 4000 ι.
677 3951 706 4020 Β..
