3109 4934
411 522 478 593 aot
640 516 903 593 tttxtuuttt
916 518 1072 593 ontrvs

463 665 631 755 LXXV.
645 700 673 749 ι)
687 670 931 781 Progressus
952 666 1080 783 igitur
1095 666 1342 781 ultraquam

405 821 434 870 ι)
465 792 556 904 lege
599 788 720 873 vultis
760 810 923 901 praeter
959 812 1146 888 amnem,
1178 791 1231 872 sd
1261 818 1340 875 nos

403 938 434 991 >›
466 908 605 995 venite
640 934 886 1019 omnemque
926 906 1232 992 multitudinem
1266 939 1339 995 ve-

404 1060 434 1111 »
464 1050 591 1113 stram
620 1026 703 1109 utic
731 1027 776 1110 in
807 1026 971 1113 ordines
1011 1026 1162 1139 ponite
1211 1028 1337 1130 Quod

403 1176 434 1230 o
465 1144 539 1231 nbi
580 1142 703 1229 fuerit
744 1176 814 1229 ex·
838 1142 971 1231 forma
1005 1144 1175 1233 huiusce
1219 1175 1337 1259 prae-

405 1296 435 1347 ι)
464 1265 602 1379 cepti,
644 1293 724 1379 ego
757 1266 877 1350 vobis
913 1268 1147 1351 Hammona
1176 1286 1338 1379 patrem

402 1416 431 1465 ιι
462 1413 602 1471 meum
647 1404 769 1495 atque
814 1390 1050 1485 Iunonem,
1107 1386 1333 1469 Minervam

402 1534 431 1586 u
462 1504 586 1589 etiam
627 1502 840 1589 victricem
868 1505 987 1605 iuro,
1018 1504 1120 1589 nihil
1159 1504 1330 1617 amplius

402 1654 432 1725 >r
463 1654 488 1709 n
523 1622 640 1710 vobis
675 1646 865 1707 exactum
901 1625 954 1710 iri
975 1640 1011 1703 (ιι
1040 1652 1165 1737 quum
1196 1621 1331 1735 siquid

401 1772 430 1825 >r
461 1738 538 1859 pro
568 1740 724 1830 viribus
755 1740 944 1831 offeratis.
975 1744 1126 1826 Mittite
1156 1772 1256 1827 sane
1280 1742 1331 1825 ad

401 1892 429 1945 ιι
461 1860 731 1949 conmilitium
773 1862 876 1947 mihi
926 1882 1111 1949 strenuus
1149 1890 1332 1975 quasque

400 1980 618 2095 »equites
652 2002 713 2080 (ι,
763 2003 936 2095 quantos
979 1982 1128 2117 vultis3
1179 1980 1328 2095 quibus

398 2128 427 2181 >›
458 2099 631 2215 singulis
661 2104 937 2187 remuneratio
972 2102 1049 2185 erit
1073 2100 1207 2185 minue
1238 2099 1328 2185 auri

398 2248 427 2299 u
457 2222 639 2335 quinque
659 2222 865 2332 pretium,
899 2244 1116 2334 ceteraque
1137 2222 1192 2305 ad
1220 2222 1327 2303 hnno

397 2366 427 2419 »
456 2338 804 2455 magnificentiam
835 2360 1075 2455 congruent
1107 2340 1326 2425 Enimvero

396 2488 424 2538 »
457 2460 558 2543 istae
602 2488 703 2572 quus
744 2461 965 2561 miseritis,
1027 2456 1100 2543 ubi
1145 2488 1328 2543 annuum

396 2608 424 2659 »
457 2579 577 2665 nobis
606 2600 639 2654 (ι
671 2579 912 2692 obsequium
940 2607 1129 2663 emensae
1158 2580 1263 2677 sint,
1284 2578 1328 2663 in

396 2726 426 2779 >r
454 2700 624 2813 proptia
653 2700 913 2784 remittentur
931 2717 983 2797 ιι),
1011 2698 1074 2784 uti
1104 2726 1187 2835 pro·
1209 2698 1323 2783 hisce

393 2848 423 2900 >r
453 2816 627 2905 vicarias
658 2818 877 2907 destinetis.
913 2819 1045 2931 Super
1080 2818 1187 2901 his
1175 2818 1328 2932 rgitur,

365 2967 420 3018 ι)
452 2958 498 3025 ut
516 2938 635 3023 vobis
655 2938 917 3023 commodum
937 2959 1015 3037 est,
1037 2939 1325 3023 consultatu»

235 3120 379 3169 m„
452 3060 636 3144 LXXVI.
666 3058 797 3173 Igitur
826 3064 1055 3143 Amazones
1084 3078 1222 3141 motae
1254 3086 1321 3138 re·

210 3189 364 3251 ”tutu-
393 3178 591 3265 scribunt.
613 3182 703 3263 «Et
718 3181 816 3263 dare
844 3208 887 3264 se
908 3178 996 3293 regi
1027 3206 1149 3291 quam
1182 3176 1325 3289 cupiat

423 3404 597 3464 (cresum
583 3408 812 3467 ‹Qqutrberm
840 3407 1004 3466 (ilerd-es
989 3408 1087 3454 uei-tur
1117 3406 1224 3463 (ειῦοᾰ.
1253 3405 1320 3452 ndis.

354 3466 535 3528 ν(διιιοά.
534 3474 674 3519 entim

427 3652 469 3717 (ι)
488 3645 575 3703 Piros
592 3648 677 3703 aliter
688 3650 831 3705 Atrinum
844 3664 899 3707 vn.
916 3652 961 3707 ιδ.
980 3653 1030 3707 nu
1043 3655 1132 3723 enim,
1151 3656 1321 3723 Ammonos,

387 3743 464 3798 quse
483 3744 539 3779 non
559 3726 708 3780 invocatus
728 3738 865 3781 venerunt
884 3729 914 3783 in
933 3741 1031 3789 nutu
1049 3732 1261 3799 Herodorum,
1279 3731 1318 3785 ab
1366 3744 1370 3753 ’

386 3803 550 3859 Λιοιιιιάιο
570 3802 660 3858 fuisse
681 3804 828 3859 renisus.
