3109 4934
575 479 840 556 PRAEFATIO·
870 543 875 554 .
1093 499 1177 554 xvn

253 631 292 700 in
314 627 390 700 vito
411 625 587 698 Ammiani
624 625 827 698 Marcellini
860 623 936 712 uit,
968 623 1056 697 lmic
1091 648 1179 720 ryn-

239 721 431 792 'chronnm
466 719 578 791 iniere
615 721 754 791 lulium
774 720 966 790 Valerium.
1000 717 1104 790 Unde
1139 717 1181 788 id

251 836 361 910 porro
391 816 562 912 cognovit
584 811 808 921 Chiffletiur?
832 813 915 922 Non
944 812 1089 923 uliuncle
1111 835 1181 907 pn·

251 905 1181 1087 {llllll„t:;lz⁰‘?03?ltzl“lltll¹ffi3

251 1091 479 1174 bibliotheca
503 1093 762 1176 umbrosiunu)
805 1113 850 1160 ex
873 1093 976 1161 cuine
1000 1091 1182 1184 ltinerurii
1318 1149 1324 1158 .

253 1187 382 1282 (quod
405 1189 493 1256 item
522 1188 606 1256 lulii
639 1185 776 1254 Valerii
805 1183 1009 1272 iudicnvit)
1037 1207 1182 1350 ‘frooc-

252 1283 328 1351 mio
351 1299 507 1352 aetutem
523 1281 608 1350 Iulii
622 1278 760 1348 Valerii
777 1276 976 1376 collegerit.
991 1282 1035 1352 Se
1084 1281 1182 1348 enim

252 1371 356 1444 bisce
379 1375 457 1444 eive
479 1372 624 1444 iudiciis
648 1374 725 1442 eive
740 1373 960 1536 rrssumentit
974 1397 1041 1470 ego
1065 1372 1183 1443 enim·

252 1489 343 1538 vero
368 1468 550 1540 levieeime
579 1487 737 1536 moveor.
803 1465 943 1560 tquod
965 1466 1113 1560 quidem
1135 1463 1185 1534 ad
1290 1487 1293 1503 ·

254 1561 416 1631 codicem
446 1560 714 1632 ambrosianum
752 1560 908 1644 adtinet,
933 1561 1106 1655 quonium
1144 1559 1185 1628 in

254 1656 369 1724 altero
392 1676 504 1748 opere
540 1654 585 1723 nd
610 1655 783 1744 cuiusque
807 1652 895 1722 libri
918 1672 1027 1747 ceput
1049 1671 1086 1722 et
1109 1651 1184 1720 cnl-

256 1770 334 1816 cem
350 1771 481 1817 nomeu
496 1749 581 1818 Iulii
598 1747 733 1816 Valerii
743 1765 917 1817 occurere
931 1744 1186 1840 perecribitur‚

255 1839 297 1908 in
326 1841 514 1910 ltinerurio
550 1864 625 1914 non
658 1841 767 1926 item,
804 1840 942 1911 idcirco
977 1837 1188 1910 vehementi

257 1931 485 2005 ‹lubitutione
518 1934 729 2018 deterreor,
768 1936 961 2029 quominus
992 1951 1188 2024 utrumque

257 2047 349 2119 opnc
375 2028 482 2096 uuinr
496 2027 653 2098 auctorit
679 2051 758 2096 eree
774 2045 910 2120 putem.
932 2029 1007 2096 lum
1032 2029 1105 2098 (lun
1131 2028 1188 2092 inc

257 2047 1190 2310 {tertetalitro'53¹’··l:2;‚3.z¹¹:;lt

532 2297 537 2306 ,
819 2264 830 2299 l

261 2307 325 2398 qni
348 2325 405 2376 eet
418 2305 531 2376 luliue
547 2307 724 2392 Valerius.
748 2309 838 2377 Tum
849 2305 931 2376 fieri
941 2309 1101 2402 potuitne
1115 2307 1190 2376 ium

167 2405 171 2410 '
259 2402 409 2482 monui,
426 2418 467 2468 ut
482 2403 559 2471 eive
585 2402 738 2498 cangius
754 2399 831 2470 eive
856 2402 965 2472 etium
980 2401 1190 2484 Chiffletiue,

257 2491 380 2582 salluui
404 2493 541 2563 ecdicio
564 2499 687 2587 specie
712 2494 882 2592 decepti,
905 2495 1012 2567 ‘ulter
1093 2493 1192 2562 idern

259 2585 489 2656 ltinernrium
512 2586 682 2660 tribuerit
703 2589 797 2658 lulio
821 2587 991 2674 Valerio,
1027 2613 1047 2659 n
1066 2607 1121 2657 ter
1144 2609 1194 2656 ex

259 2678 475 2764 itinerario,
501 2705 610 2842 argeio
625 2681 776 2774 putabet
794 2682 879 2752 Iulii
903 2684 1057 2768 Valerii,
1080 2680 1193 2749 buius

260 2792 416 2843 aetutem
454 2773 499 2843 de
553 2775 684 2846 iverit:
720 2775 803 2846 ideo
855 2800 877 2846 e
914 2792 1126 2874 argumenta
1149 2790 1197 2842 ex

261 2866 397 2963 Cnugio
422 2883 459 2936 et
494 2867 670 2939 Chiffietiu
705 2893 726 2950 u
760 2893 808 2940 no
835 2872 867 2939 ie
900 2893 1018 2962 nuper
1054 2866 1197 2961 prolatu

176 2993 180 3000 v
260 2959 399 3028 nullum
421 2961 498 3031 fere
522 2964 774 3033 auctoritatem
797 2985 887 3058 pene
903 2987 942 3032 ee
956 2963 1054 3030 ferre
1069 2957 1199 3029 uiden·

261 3067 332 3121 tur.
347 3054 474 3122 Utrum
488 3054 600 3124 lulius
615 3055 780 3126 Valerius
807 3075 882 3125 trec
904 3054 1021 3124 libror
1042 3075 1132 3122 enoc·
1149 3049 1198 3120 ud

263 3145 509 3218 Constantium
532 3147 720 3242 ecripcerit
740 3171 809 3217 nec
836 3171 900 3229 ne,
923 3149 1038 3218 codex
1050 3144 1198 3240 quidem

266 3238 539 3323 ambrosianus,
576 3245 664 3334 quin
687 3258 790 3312 curet
812 3241 943 3322 initio,
978 3263 1051 3310 non
1076 3237 1196 3308 docet.

266 3329 308 3399 ld
347 3348 466 3400 tumen
503 3336 721 3430 integriores
761 3333 847 3404 lulii
880 3333 1016 3404 Valerii
1051 3332 1195 3403 codicee

267 3423 462 3516 aliqnando
488 3424 672 3500 definient.
711 3429 799 3498 Tum
824 3451 935 3513 vero,
971 3429 1003 3497 ri
1032 3425 1080 3496 ud
1104 3428 1198 3496 Con·

268 3519 438 3586 etantiunr
462 3523 634 3614 scriptum
660 3546 739 3592 eree
757 3545 847 3616 opue
864 3523 1087 3600 constiterit,
1104 3521 1199 3590 Cun-

269 3611 410 3777 gigrtt
443 3611 707 3782 Clhlffil¹⁵¹¹⁸.‘¹⁸
723 3617 893 3782 ᾼυοιοτῶ
907 3614 1091 3782 Ιὲἰηοητὶῇ
1121 3635 1197 3776 notu

268 3725 306 3774 vr
331 3727 376 3778 en
394 3729 435 3780 ur
473 3727 594 3796 ocutr3
629 3733 663 3782 er
699 3733 818 3783 numne
894 3735 919 3782 u
967 3725 1197 3791 commen,

1052 3826 1111 3894 ,ὓ
