3109 4934
504 541 507 546 ·
560 547 638 620 ssv
662 528 872 620 ιιιιιιιίιι.
1113 549 1178 620 15³

246 725 300 782 ne
331 695 527 813 plures
487 695 628 780 vrvi·
602 715 638 771 ιι)
668 727 721 782 an
741 661 895 778 mortui
882 690 1181 806 potarentur?

248 818 314 900 td
345 816 469 929 idque
486 843 732 932 responsum
756 834 840 913 est,
854 807 987 898 videri
1012 812 1180 928 quidem

249 936 449 1052 plurimos
462 957 664 1020 mortuos:
685 934 758 1020 sed
781 960 911 1045 aeque
925 929 1182 1017 ‹onumerari

246 1083 333 1141 non
355 1076 546 1168 oportere
581 1083 653 1138 eos
671 1083 774 1166 quos
792 1053 955 1152 videas,
977 1081 1100 1164 quam
1126 1052 1178 1136 il·

245 1175 307 1261 los
338 1173 492 1260 scilicet
518 1199 622 1287 quos
652 1201 789 1284 neque
821 1171 931 1256 oculi
949 1171 1023 1255 ulli
1040 1200 1177 1285 neque

247 1293 350 1378 ratio
382 1291 646 1408 conspiceret.
675 1295 775 1376 Post
805 1291 967 1405 quaerit
994 1323 1047 1376 ex
1076 1290 1178 1390 alio,

248 1435 386 1498 utrum
404 1441 459 1497 ne
480 1411 564 1502 vita
584 1409 748 1513 fortior,
774 1441 828 1496 an
847 1439 948 1496 vero
969 1409 1021 1495 sit
1039 1409 1180 1494 mors?

248 1531 432 1618 Orientis
477 1531 621 1648 vigor,
656 1529 903 1616 marcentior
932 1558 1034 1617 vero
1063 1530 1176 1615 vise·
1236 1571 1242 1580 ·

247 1673 361 1736 retur
391 1651 608 1736 occiduus:
639 1673 859 1766 ortumque
888 1649 1067 1734 hominis
1086 1679 1178 1736 ease

245 1801 336 1886 qno
362 1771 517 1858 vivitur
546 1771 672 1856 vitam
700 1801 790 1856 esse
813 1797 1059 1884 responsum
1086 1790 1176 1870 eat,

248 1891 360 2005 quod
390 1892 487 1977 solis
518 1919 682 2004 quoque
701 1889 925 1977 ferventior
950 1910 1175 2003 contraque

250 2039 333 2122 quo
342 2008 566 2148 ⁸frigeattt.
598 2013 649 2095 t
598 2011 715 2095 1d
735 2011 873 2110 addit,
902 2029 1039 2094 utrum
1062 2035 1177 2092 mare

247 2129 464 2244 ¹spatiosius
495 2159 602 2215 anne
629 2129 767 2216 terra?
796 2132 969 2214 Terram
988 2159 1079 2214 esse
1107 2158 1178 2214 re

246 2253 478 2364 spondent,
518 2249 634 2336 cuius
668 2279 783 2336 mare
813 2249 972 2366 gremio
1001 2270 1172 2335 tenetur

246 2399 252 2412 ·
306 2370 421 2455 XIX.
451 2368 683 2456 sciscitatur
711 2370 755 2454 id
770 2399 953 2484 quoque,
973 2397 1176 2483 quaenam

249 2490 433 2576 omnium
483 2489 613 2576 bestia
656 2490 842 2576 callidior
886 2512 929 2576 et
976 2488 1176 2574 astutior?

248 2609 328 2694 Hie
365 2639 463 2696 vero
493 2639 588 2694 cum
616 2611 704 2696 risu
731 2611 943 2696 hominem
962 2639 1052 2696 esse
1074 2639 1175 2724 pro·

246 2731 456 2832 nuntiant,
486 2731 721 2846 adduntque
740 2731 944 2816 rationem
959 2733 1012 2815 de
1038 2757 1175 2814 exem-

245 2848 318 2962 plo
346 2851 437 2950 sui,
468 2849 541 2964 qui
577 2852 686 2936 solus
716 2871 777 2935 tot
805 2849 1073 2934 animantium
1100 2848 1178 2933 mi·

247 2969 301 3053 lia
349 2970 572 3071 illexisset,
615 2993 663 3055 ut
693 2971 744 3054 ad
783 2969 1066 3084 persequenda
1101 2995 1175 3068 ea,

248 3119 354 3202 quae
403 3091 493 3174 aliis
542 3110 707 3187 essent,
748 3089 927 3206 praedae
956 3085 1176 3200 cupiditate

246 3209 494 3294 laborarent.
526 3209 623 3290 Non
653 3208 718 3294 his
738 3228 785 3292 ut
813 3208 866 3291 ad
886 3204 1191 3310 contumeliam,

242 3329 367 3413 dictis
397 3327 629 3411 Alexander
663 3331 917 3412 movebatur.
953 3327 1175 3412 Enimvero

245 3449 381 3546 addit,
402 3444 502 3559 quid
528 3446 744 3560 imperium
762 3448 845 3532 illis
874 3447 1178 3534 tonderetur?
1320 3455 1330 3476 “

249 3567 302 3650 At
318 3565 377 3649 illi
396 3563 551 3666 fraudis
571 3569 796 3682 potentiam
816 3597 906 3654 esse
924 3568 1178 3686 respondent

284 3777 318 3826 (a)
328 3773 386 3820 (lod.
397 3775 500 3820 virerent.
509 3773 544 3834 (l)
555 3775 613 3820 cod.
625 3790 671 3834 pro
680 3789 751 3837 uque
760 3776 927 3830 habendam
938 3775 974 3820 lu
985 3783 1049 3822 tatur
1057 3775 1097 3821 hle
1107 3774 1175 3821 loros

248 3855 273 3888 re
289 3843 404 3890 hebetia
421 3843 513 3890 andlan.
535 3843 569 3902 (d)
586 3843 646 3890 (lod.
666 3843 722 3906 quta
731 3857 775 3906 per
791 3843 908 3905 ἱμρπίιιιι
923 3843 967 3889 u'lr'
982 3841 1102 3890 riderem.
