3109 4934
610 507 686 576 SEV
712 506 839 578 LlBER
862 509 888 576 1.
1166 510 1211 582 25

283 647 466 719 Praecidet
483 666 520 719 et
534 648 670 720 Numen
688 655 746 722 cui
762 655 845 722 Dite
860 653 1042 748 potentiue
1058 653 1138 748 ipro
1150 656 1188 721 (ι)

284 759 428 828 Vertice
453 760 696 858 qninqneingo
709 783 830 830 rerum
844 780 982 831 recreta
994 762 1209 859 gubernans.

285 908 349 991 Ad
379 909 483 992 haec
514 910 658 994 doetus
681 910 912 994 Alexander
940 911 1012 992 tali
1039 936 1209 1023 respon-

285 1055 356 1125 so,
406 1029 520 1112 omni
566 1029 782 1144 ,diligentia
820 1029 1046 1114 rimabatur
1088 1057 1213 1139 quam

282 1147 489 1234 Proteiam
521 1149 697 1233 insulam
727 1153 841 1249 Deus
883 1150 1028 1248 vellet,
1058 1149 1211 1260 quidve

281 1265 342 1350 illi
369 1267 561 1354 Numinis
592 1269 854 1385 praesideret
1064 1349 1068 1354 .

228 1432 277 1476 -.
339 1387 452 1473 XIX.
485 1389 603 1492 Quae
635 1388 757 1472 etiam
792 1409 890 1482 tunc
924 1390 1061 1472 animo
1092 1389 1209 1472 volu-

79 1503 162 1546 Μ’
193 1517 213 1546 ¹·
278 1524 450 1607 taneto,
479 1508 654 1622 peractio
684 1511 762 1593 rite
790 1505 1000 1594 sacrificiis
1023 1509 1208 1594 indidem

278 1623 559 1741 proficiscitur.
579 1630 710 1712 Multo
725 1629 904 1740 denique
916 1629 1072 1714 itineris
1085 1658 1209 1710 exan-

279 1748 406 1846 clato,
424 1751 535 1861 apnd
553 1751 690 1834 vicum
703 1751 863 1834 Astraea
877 1747 1029 1833 fessum
1049 1748 1208 1866 conmi-

152 1908 215 1939 mu
282 1864 414 1952 litium
433 1866 577 1952 refecit
594 1892 639 1950 or.
673 1867 734 1952 Ibi
753 1894 885 1952 autem
902 1900 969 1954 rex
989 1899 1082 1954 cum
1100 1872 1207 1970 sorte

131 1976 164 2006 ¹⁸
184 1975 251 2007 ‘⁰⁸⁴'
275 1989 317 2066 in
347 2016 470 2099 agro,
500 2011 544 2072 ut
573 1991 745 2088 ossolet,
774 1991 1028 2101 melioretur,
1057 2019 1206 2074 cervom

276 2111 436 2189 imeritus
455 2113 615 2220 parntis
646 2132 898 2220 occupatam,
926 2139 1046 2192 murm
1073 2139 1123 2191 ex
1144 2108 1205 2192 lus

267 2229 341 2333 ,qni
369 2227 603 2313 destinandis
635 2234 790 2341 sagittis
817 2231 1011 2313 sollertior
1031 2227 1203 2312 habeba-

275 2367 364 2443 tur,
394 2348 560 2430 ioculari
589 2349 749 2434 bestium
778 2350 888 2432 nabet.
922 2349 1102 2448 Quicum
1120 2379 1203 2432 non

273 2494 325 2546 ex
367 2469 550 2580 opinione
588 2471 868 2582 praeiudicato
908 2472 1097 2584 fecisset,
1144 2473 1202 2550 le·

272 2586 419 2694 rnnque
461 2590 579 2670 ictum
620 2593 774 2674 oninol
817 2593 1023 2690 evasisset,
1066 2591 1200 2671 enclo-

272 2733 396 2786 masse
444 2709 672 2793 Alexander
710 2714 840 2821 sertio
876 2739 1015 2820 graeco
1060 2711 1203 2790 scilicet

303 2961 338 3016 (e)
357 2958 419 3003 cod.
437 2955 548 3002 rolnnrer.

308 3112 351 3174 (1)Ι
371 3104 515 3160 Nimirum
536 3103 652 3175 Serapio
664 3143 673 3164 .
686 3123 771 3176 quem
786 3104 823 3157 ab
837 3101 986 3177 Aegyptiie
998 3103 1127 3156 habitum
1146 3119 1201 3172 pro

269 3183 331 3237 eole
353 3182 446 3236 iniero
468 3201 518 3236 reu
538 3179 657 3236 Plutone
677 3183 746 3236 eati·
768 3195 947 3253 compertum
967 3192 1011 3232 eet
1030 3179 1106 3248 apud
1137 3199 1201 3250 my-

205 3259 209 3270 '
270 3261 373 3314 thicon.
396 3257 471 3312 Vide
492 3272 570 3312 certe
589 3257 746 3312 Arietidem
766 3274 834 3316 orat.
851 3262 881 3313 in
903 3255 1063 3332 Serapidem.
1077 3254 1201 3328 Reliqua

270 3337 360 3390 huiue
381 3335 497 3390 oraculi
516 3335 613 3388 lucide
633 3335 816 3406 explicantur
844 3337 991 3406 deincepe.

309 3417 350 3478 (a)
371 3411 524 3466 Condirum
536 3413 565 3466 iu
576 3411 745 3468 Hammonia
763 3411 962 3467 Paraetonium
983 3409 1020 3464 ab
1032 3408 1196 3465 Alexandro

270 3490 343 3544 dicit
361 3489 502 3544 Eueebiue
522 3489 552 3542 in
571 3491 716 3545 chronici·
733 3489 841 3545 rabuli·
855 3490 891 3544 ad
906 3486 1096 3562 olympiadem
1111 3502 1196 3544 cxttt.

268 3565 328 3620 lam
362 3567 391 3620 in
421 3565 589 3620 llemmonin
608 3569 690 3638 ponit
722 3572 818 3623 Castra
840 3565 987 3622 Alexandri
1017 3563 1194 3621 Ptolemaeo·

251 3675 253 3680 ·
270 3647 365 3714 θεον·
376 3659 411 3696 lv·
425 3642 440 3694 5
462 3641 490 3704 ir
510 3647 547 3720 ej
562 3637 751 3724 Ἀμμονὶακῇ
767 3645 787 3713 «ἦ
804 3642 1002 3719 Ἀλεξάνδρου
1012 3641 1192 3717 παρεμβολὴ.

267 3719 304 3774 At
324 3721 439 3778 Curtio·
460 3739 500 3778 tv.
519 3737 547 3795 7.
567 3725 644 3796 apud
665 3745 749 3797 quern
770 3725 933 3792 Alexander
953 3741 969 3776 e
989 3721 1074 3794 Syria
1095 3725 1194 3793 ingre-

265 3797 345 3853 ditur
366 3800 395 3854 iu
416 3802 595 3874 Aegyptum,
628 3803 663 3857 de
694 3807 797 3861 Gorrrr'e
817 3799 969 3860 Alexandri
1002 3801 1031 3853 in
1064 3801 1195 3872 Aegypto

264 3889 330 3946 poet
349 3875 455 3934 Gazam
474 3879 620 3950 loquitur.
