3109 4934
560 503 564 518 ·
624 455 706 530 SEV
733 456 866 526 LlBER
891 455 919 526 1.
1195 482 1233 530 rr

306 603 629 694 »concordiam
667 610 832 691 suadeo.
863 607 1028 710 Quaeso
1077 636 1237 692 remees

305 761 332 814 >r
364 730 416 811 ad
430 726 666 842 coniugem,
694 746 735 810 et
753 729 882 812 redde
895 724 1095 810 temarito
1111 727 1238 812 mori·

304 881 333 930 n
364 875 574 964 geram».
615 845 737 930 Cedit
760 847 992 933 auctoritati
1031 847 1236 932 suadentis

301 967 379 1054 filii
399 967 641 1082 Olympias,
671 988 713 1049 et
751 968 856 1050 duce
888 966 960 1051 tali
994 969 1156 1052 revenit
1183 967 1238 1050 ad

300 1090 509 1174 maritum.
526 1089 643 1170 Tunc
655 1086 898 1172 Alexander.
927 1087 1028 1170 «En
1048 1085 1146 1187 tibi,
1159 1117 1234 1203 pa·

301 1239 329 1290 s>
360 1231 443 1310 ter,
457 1205 674 1323 Olympias
687 1227 758 1291 tua
774 1206 874 1316 (iam
886 1207 997 1290 enim
1009 1226 1050 1290 te
1061 1228 1236 1320 paterno

297 1346 337 1408 n'
358 1328 526 1438 nomine
545 1329 774 1442 usurpabo,
795 1329 913 1412 cuius
953 1327 1057 1410 adeo
1099 1327 1235 1412 libens

298 1481 325 1530 >r
357 1446 484 1533 fueris
505 1447 706 1558 auditor).
738 1447 868 1562 Igitur
899 1467 940 1530 et
969 1469 1161 1561 precator
1179 1450 1234 1534 ad

299 1601 327 1650 r>
359 1599 450 1654 eam
460 1564 547 1672 ¹fui,
568 1588 610 1650 et
626 1567 796 1652 remittit
814 1569 890 1652 tibi
906 1565 1099 1654 meritum
1115 1590 1233 1654 tuum

298 1719 326 1770 a
357 1689 622 1774 abolitionem
635 1687 766 1773 omnis
779 1687 962 1773 iniuriae.
974 1687 1094 1804 Agite
1105 1689 1234 1804 igitur

298 1839 325 1890 n
343 1839 509 1924 vquaeso
524 1832 622 1923 post
649 1809 756 1894 iram
788 1808 1104 1924 integrationem
1134 1837 1235 1894 con·
1334 1808 1337 1813 ’

294 1960 323 2011 >r
355 1928 503 2046 iugalis
521 1923 699 2013 affectus.
730 1929 822 2014 Nec
851 1931 906 2014 sit
924 1929 1166 2045 pudendum
1195 1931 1233 2016 si

293 2081 321 2132 n
354 2049 462 2135 filius
489 2048 543 2134 sit
567 2051 808 2163 parentibus
849 2051 1117 2165 copulator».
1149 2051 1226 2136 His

294 2170 417 2256 dictis
446 2169 643 2286 impetrat
672 2169 787 2284 quod
815 2167 1003 2256 laborat:
1031 2171 1157 2283 idque
1187 2169 1228 2254 ei

292 2289 486 2407 largitum
517 2291 628 2403 apud
648 2319 790 2374 omnes
820 2292 980 2404 patriae
1008 2320 1227 2404 proceres,

290 2415 403 2496 bono
431 2412 652 2495 admodum
683 2408 918 2496 testimonio
953 2407 1041 2494 fuit
1086 2413 1227 2498 Placet

290 2527 469 2645 denique
497 2529 644 2646 Lysiae
665 2559 818 2616 nomen
847 2532 1132 2647 coniugalibus
1149 2543 1155 2552 ’
1173 2532 1229 2616 ri·

271 2653 400 2742 ,tibus
429 2651 474 2736 in
504 2657 752 2764 perpetuum
783 2652 970 2738 aboleri:
1007 2654 1121 2765 quod
1158 2681 1229 2767 ap-

287 2773 457 2886 pellatio
481 2771 558 2858 illa
589 2769 739 2856 solutio
769 2793 807 2848 (ι)
821 2773 960 2889 coepti
993 2801 1089 2857 cum
1105 2773 1226 2856 Cleo·

286 2911 406 3006 patra
436 2891 620 3008 coniugii
650 2913 757 2978 esset
787 2908 835 2976 o).

132 3071 271 3122 mm
346 3014 453 3098 VIIl.
494 3015 548 3098 At
598 3013 664 3098 his
709 3012 839 3098 ferme
875 3015 1046 3110 diebus,
1077 3011 1228 3125 quibus

112 3134 509 3218 '‘¹³⁶¹12mhaec‘acta
539 3133 812 3232 videbantur,
844 3133 1064 3218 descivisse
1107 3133 1225 3214 obse·

109 3209 183 3266 punit
212 3213 271 3260 sse-

110 3278 210 3327 nna-a
286 3250 385 3366 quio
433 3253 633 3334 Mothana
677 3277 713 3330 ί»)
749 3253 894 3340 civitas
942 3253 1224 3336 nunciabatur.

318 3411 353 3462 (a)
369 3405 428 3450 cod
455 3419 502 3464 pro
520 3404 622 3466 conluge'i
636 3417 691 3452 erret
705 3407 780 3451 babet
794 3407 927 3454 maritime
943 3415 969 3452 et
985 3419 1042 3452 nox
1061 3405 1142 3450 eadem
1150 3420 1225 3451 mu

281 3473 434 3518 emendatum
461 3473 605 3518 consuesset.

321 3602 364 3666 (1)
384 3596 454 3650 cod.
474 3597 619 3654 solutione.
641 3597 692 3652 En
711 3615 806 3658 autem
824 3619 927 3672 graece
943 3595 1032 3669 λὸσις
1048 3599 1161 3656 setoso.

322 3679 364 3743 (³)
384 3674 479 3728 C⁰d0¹
496 3673 528 3728 ‘1'
539 3674 647 3730 Vfll‘fll
663 3678 710 3728 '¹¹0
726 3677 872 3748 Mathone,
893 3692 922 3731 et
937 3697 1003 3734 mox
1017 3679 1061 3733 bi·
1076 3677 1214 3733 Mothana.

283 3749 410 3807 Graecam
447 3751 537 3808 codex
573 3753 724 3824 blebem,
754 3757 860 3812 latinu·
892 3757 961 3812 item
1003 3757 1145 3812 Mostene
1182 3751 1218 3804 Et

288 3831 407 3902 qpidetn
425 3833 512 3888 baius
541 3835 623 3886 urbis
653 3834 857 3890 macedonicae
887 3853 991 3906 nomen
1016 3834 1092 3888 mire
1123 3827 1219 3886 veriet
