3109 4934
556 489 633 562 sav
657 491 783 563 unm
808 496 835 565 1.
1114 519 1162 589 29

234 645 528 758 opinarentur,
562 669 640 724 nec
669 641 828 756 repleta
858 640 912 724 ali
939 641 1056 726 facile
1085 673 1162 755 po-

231 764 414 847 tuissent.
443 759 506 841 Ex
526 773 608 870 quo
628 757 716 842 fore
735 761 1040 844 'arbitrabantur
1057 764 1163 845 bella
1189 766 1191 775 '

232 878 464 997 frequentia
510 879 577 963 vel
616 879 860 964 necessitate
905 883 1163 990 quaerendae

234 1000 449 1087 alimoniae
469 1000 520 1084 ab
540 997 640 1112 ipsis
660 998 934 1081 incolentibus
958 999 1163 1100 ineunda,

234 1154 307 1207 seu
345 1118 554 1235 opulentia
590 1119 875 1231 praevalerent
904 1147 978 1203 seu
1007 1117 1165 1202 viribus

235 1240 478 1337 deficerent,
509 1239 608 1322 dum
638 1260 709 1320 aut
737 1239 985 1352 impeterent
1008 1236 1163 1350 aliquid

235 1381 304 1446 aut
332 1378 579 1475 peterentur.
612 1357 778 1473 Quippe
802 1361 1060 1441 moderatum
1090 1389 1163 1442 ur·

237 1485 353 1566 bium
384 1497 533 1563 statum
564 1498 606 1561 et
635 1476 814 1561 consiliis
842 1474 1001 1561 facilius
1035 1469 1165 1561 ¹cede-

237 1632 309 1699 re‚
340 1618 380 1682 et
409 1600 462 1681 ad
491 1599 828 1684 sustentationem
846 1599 910 1681 aui
934 1598 1164 1710 promptius

238 1748 484 1804 occursare:
530 1717 707 1802 amicum
740 1717 943 1830 siquidem
984 1716 1167 1799 multitu·

237 1839 345 1938 dini,
365 1867 441 1922 nec
460 1835 589 1922 facilis
608 1837 673 1922 sui
694 1839 813 1950 apud
834 1863 973 1920 omnes
1002 1836 1167 1952 singula

237 1957 568 2057 dinoscenta‹1>‚
613 1978 734 2070 atque
765 1956 889 2042 etiam
919 1952 1093 2042 difficilis
1124 1976 1167 2042 et

237 2078 497 2191 conspiratio.
556 2085 560 2096 '

54 2221 222 2304 otmar..
296 2199 427 2282 XXII.
444 2198 706 2312 Quamquam
722 2197 849 2312 igitur
863 2196 989 2312 longe
1008 2197 1165 2281 auctius

39 2303 157 2351 'mm'
234 2348 309 2401 rex
338 2317 501 2402 metitus
536 2317 721 2402 locorum
763 2315 1074 2428 amplitudinem
1102 2315 1165 2400 fo·

234 2459 328 2538 ret,
371 2458 507 2522 tamen
538 2438 590 2520 ad
625 2437 869 2522 seutentiam
912 2439 1165 2548 persuaden-

234 2557 336 2641 tium
389 2558 449 2640 ire
502 2558 714 2669 aliquanto
767 2555 1014 2642 contractius
1068 2557 1167 2646 sivit

237 2679 412 2762 ambitus
456 2673 618 2761 lineam.
674 2678 814 2781 Quare
867 2673 1086 2762 secesserat
1129 2699 1167 2752 ‹⁴›

235 2797 562 2911 magnificentiae
614 2799 754 2883 auimo
806 2816 1063 2909 contemptae
1121 2813 1165 2876 tu,

236 2918 554 3032 Longitudinem
584 2917 754 3030 quidem
777 2917 873 2999 urbi
900 2937 1096 3027 procurat
1112 2919 1166 2998 ab

237 3069 286 3122 eo
334 3040 427 3121 loco
472 3038 539 3121 cui
582 3042 723 3122 Draco
767 3065 920 3121 nomen
952 3038 1060 3144 est(
1095 3035 1168 3119 Est

268 3270 302 3320 (a)
320 3267 378 3313 cod.
404 3266 555 3330 strennui,
571 3275 622 3311 ton
640 3265 728 3311 facturn
754 3263 836 3311 siden
863 3274 935 3310 nanu
954 3266 1084 3329 sucesserat.
1104 3262 1166 3308 unt

234 3335 387 3380 scribendum
413 3335 565 3382 videbamur
593 3339 669 3390 Qum
688 3332 852 3396 sentiendum·
868 3344 933 3378 neu
958 3348 973 3376 ι
998 3332 1165 3395 nqut'ficmt‘a

233 3403 308 3448 αηίνιο
324 3412 428 3448 comente
444 3402 504 3457 (vel
520 3407 644 3462 concepto>
652 3433 661 3456 ,
675 3398 838 3462 ‘longimanum
853 3401 943 3465 quibu
958 3411 1005 3447 ota.
1022 3401 1055 3459 (l)
1074 3401 1166 3460 Nmpe

234 3480 357 3516 contentu.
377 3469 459 3514 coac:
475 3469 549 3514 habet
565 3481 707 3531 romaque.

274 3622 316 3688 (1)
334 3617 463 3690 Nempe:
493 3640 543 3688 uec
573 3620 744 3677 dinoecmeta
768 3619 880 3694 ringula
905 3622 951 3676 eui
972 3617 1068 3690 facilis
1092 3617 1167 3695 apud
1188 3575 1208 3640 β

233 3715 337 3762 onnes,
388 3715 451 3754 aare
469 3713 496 3753 ct
508 3701 545 3764 fir
571 3697 689 3768 difficilis
718 3699 891 3773 conspiratio.
920 3695 956 3750 Et
982 3711 1049 3754 nota
1078 3713 1165 3751 voca·

234 3773 334 3830 bulum
375 3777 531 3834 moerentia.
