3109 4934
427 547 492 616 104
677 521 936 598 temnant
960 525 1101 598 acnvs

420 705 447 754 >a
478 691 592 770 tanto
637 672 728 758 viro
774 675 887 790 quod
924 693 962 748 ω
1004 673 1208 758 malumus
1258 699 1349 760 ease

420 825 447 876 o
475 823 602 906 qnam
632 793 778 895 amici,
807 794 852 878 id
896 821 996 878 vero
1029 821 1108 908 ego
1138 791 1220 878 dici
1248 814 1347 878 tnr-

421 946 447 998 >r
477 942 530 1027 pe
566 910 881 998 Atheniensibus
924 933 1062 1026 puto,
1097 910 1189 998 fieri
1225 943 1347 1028 posse

420 1067 447 1114 »
479 1061 605 1148 porro
635 1060 719 1116 non
750 1032 939 1117 arbitror.
968 1035 1108 1146 Turpe
1130 1031 1241 1116 enim
1259 1053 1348 1130 eet,

421 1185 448 1234 »
477 1152 556 1238 no'a
585 1153 786 1266 quidem,
815 1151 899 1264 qui.
916 1151 977 1234 illi
1010 1151 1196 1266 magistri
1222 1151 1348 1236 fueri-

422 1305 449 1354 »
482 1301 597 1371 mus,
617 1271 789 1356 consilio
815 1270 1174 1385 inprudentissimo
1204 1273 1349 1385 depre-

422 1425 449 1476 »
480 1391 633 1492 hendi3
662 1391 778 1474 illum
809 1411 945 1476 antem
984 1409 1042 1492 t),
1072 1391 1145 1503 qui
1175 1419 1199 1474 a
1228 1389 1349 1474 nobis

421 1543 448 1594 »
479 1515 554 1596 hee
583 1509 846 1600 scientiarum
866 1533 974 1596 artes
993 1509 1221 1625 acceperit,
1249 1539 1346 1624 pru·

422 1665 450 1716 »
483 1632 620 1717 dentia
665 1660 756 1716 nos.
772 1651 814 1715 et
854 1630 1053 1745 capientia
1093 1629 1344 1744 praevenire.
1404 1709 1407 1714 .

482 1751 630 1834 XVIII.
662 1783 689 1830 »
721 1751 802 1834 Sed
835 1752 939 1835 hacc
990 1749 1231 1835 omittamus.
1283 1750 1348 1834 Ad

423 1903 451 1952 >³
481 1869 551 1954 illa
580 1899 690 1954 nunc
721 1869 878 1954 animos
904 1869 1111 1954 advertite.
1141 1869 1244 1973 Quia
1272 1897 1346 1952 rex

425 2021 454 2072 >a
483 2009 681 2104 tyrannus
693 1989 760 2074 vel
785 1989 877 2101 quia
897 1989 1154 2074 Graecorum
1172 1989 1346 2101 impera-

425 2137 452 2191 »
482 2131 547 2193 tor
576 2113 811 2225 Aegyptum
830 2108 1050 2224 aliqnando
1082 2108 1348 2224 aggrediant

423 2260 451 2332 a>
482 2229 638 2314 Irruere
668 2257 791 2314 ausus
821 2250 957 2329 esset,
987 2231 1100 2343 qnod
1138 2229 1207 2311 ille
1235 2229 1346 2312 solus

426 2381 452 2430 n
484 2379 578 2434 cum
590 2353 780 2436 Deorum
794 2349 1032 2434 anctoritate
1051 2347 1233 2434 fecisset?
1253 2349 1347 2432 cte-

407 2500 450 2550 .»
482 2469 634 2552 mentia
662 2499 737 2556 ena
767 2498 910 2582 seapse
952 2468 1011 2555 sic
1056 2489 1097 2552 et
1138 2465 1346 2552 benefieiis

423 2619 450 2669 »
482 2589 808 2688 commendavit,
838 2610 885 2672 ut
912 2610 1068 2674 tantam
1106 2587 1184 2672 illis
1213 2607 1247 2661 “I
1277 2619 1346 2672 ur·

421 2739 448 2787 »
479 2710 575 2791 bem
606 2709 836 2794 condiderit
864 2739 912 2793 ac
942 2707 1189 2807 fundaverit,
1216 2736 1346 2821 quan·

419 2857 446 2908 n
480 2849 562 2914 tam
606 2825 652 2912 in
695 2827 808 2912 omni
842 2848 951 2913 terra
983 2829 1137 2921 nullam
1171 2824 1280 2922 fama
1308 2843 1345 2906 ω

417 2980 445 3029 >)
478 2946 689 3034 distulerit.
735 2950 866 3062 quue
910 2947 956 3031 in
1002 2948 1066 3032 his
1107 2947 1344 3062 regionibus

418 3101 446 3156 »
478 3066 630 3186 factum
660 3098 765 3181 qnae
809 3097 947 3182 nuper
989 3097 1111 3182 agere
1159 3071 1238 3152 auh
1281 3065 1342 3150 di·

419 3220 446 3268 »
479 3187 590 3272 tione
619 3211 652 3264 ‹e›
682 3192 832 3274 Persae.
849 3189 1103 3275 videbantur.
1123 3187 1356 3273 Enimvero·

418 3337 445 3385 >›
476 3305 574 3420 ipsis
593 3306 797 3422 indigenis
817 3308 861 3392 id
877 3308 1108 3421 petentibus
1128 3336 1176 3390 ac
1197 3309 1340 3419 depre-

415 3455 443 3504 »
476 3425 682 3526 cantibus,
696 3429 767 3539 qni
781 3458 876 3510 cum
889 3427 1123 3511 Alexandro
1143 3426 1241 3511 belli
1254 3425 1340 3511 for-

413 3575 440 3624 »
472 3563 615 3626 tunam
626 3546 764 3628 subire
777 3546 1340 3658 deligerent,illeAIexander‚

447 3765 483 3814 (ι)
499 3761 559 3806 coa.
577 3775 628 3808 vm
644 3775 694 3824 qno·
713 3760 746 3814 ‹t›
763 3761 824 3806 Coti.
834 3773 914 3807 unere
932 3766 964 3819 (c)
976 3764 1036 3811 eod.
1053 3775 1148 3811 um
1160 3765 1216 3814 itta.
1227 3765 1266 3826 (d)
1280 3767 1339 3813 eod.

414 3839 521 3892 quemn
537 3830 577 3875 ud
594 3831 658 3876 emt
672 3839 784 3875 emam
800 3827 887 3876 uttan
896 3830 994 3896 [mu.
1009 3837 1043 3890 te>
1059 3833 1119 3881 (ten
1137 3833 1241 3882 dictione.
