3109 4934
378 539 409 600 ιι
746 513 950 588 EDl'l'ORlS

377 655 664 730 bellicoriarimit
680 656 911 740 nationibus,
934 657 1040 732 iurtir
1054 680 1179 730 omnen
1199 683 1311 756 proc·

377 749 439 820 liic
465 751 657 848 superarit.
684 751 772 820 Mox
795 750 937 822 Thebai
961 755 1138 824 orientem
1161 757 1309 826 Iunonia

377 843 531 1007 ἐΙοιίιιιι
565 866 669 914 aurat
694 843 895 940 infringere
932 863 1031 916 tanta
1055 847 1309 919 internecione

403 938 538 1022 elevit,
561 956 602 1008 ut
622 954 775 1007 cunctae
790 939 986 1023 Graeciae,
1011 940 1081 1008 uiri
1105 943 1311 1034 pormanet,

376 1031 480 1126 quari
503 1031 645 1128 rignum
670 1029 716 1099 ad
746 1030 1010 1127 desperandum
1031 1031 1079 1102 de
1108 1034 1224 1103 ralute
1248 1057 1309 1104 nu·

377 1124 530 1193 ntulcrit.
555 1125 649 1192 Hinc
673 1124 879 1195 Alexander
899 1125 1057 1195 volitaur
1081 1125 1219 1223 gloriae
1243 1150 1309 1197 cu·

376 1217 529 1312 piditate
566 1216 659 1287 belli
681 1217 858 1311 impetum
891 1219 931 1286 in
955 1219 1074 1288 Atiam
1098 1220 1309 1304 transtulit,

378 1330 415 1380 et
436 1313 625 1380 Perrarum
660 1313 782 1403 copiaa
810 1313 978 1407 ingentes
1009 1329 1118 1405 atque
1142 1314 1310 1382 efferata·

376 1404 498 1498 primo
514 1424 706 1499 cougrerru
724 1403 768 1472 ad
781 1405 978 1474 Granicum
993 1405 1183 1502 perfregit.
1197 1406 1310 1474 Dein-

377 1497 424 1566 de
438 1515 529 1592 quot
546 1497 711 1594 regiouca
730 1497 896 1592 parribus
921 1499 1143 1594 peragrarit,
1160 1499 1312 1570 totidem

378 1589 457 1660 eiua
490 1591 654 1660 victoriis
699 1589 902 1661 illustratae
938 1609 1033 1660 runt.
1073 1593 1158 1660 Aria
1192 1589 1313 1661 minor

375 1685 571 1768 uniretur,
596 1706 708 1776 quum
732 1683 928 1754 Alexandri
951 1702 1071 1754 terror
1094 1686 1133 1754 iu
1162 1685 1312 1755 auribua

381 1779 585 1871 animisque
602 1777 761 1846 omnium
776 1794 1005 1862 versarctur,
1031 1779 1071 1846 in
1093 1779 1172 1846 einr
1198 1777 1312 1848 ditio·

380 1895 465 1944 nem
490 1871 681 1942 concernit.
707 1871 856 1964 lamque
879 1871 1038 1940 bellator
1063 1871 1179 1941 audax
1195 1872 1314 1942 sortu-

380 1984 488 2037 natur
514 1965 670 2035 invictur
698 1987 875 2059 praecepa
900 1983 1021 2034 ocrtro
1044 1964 1218 2058 iniptum
1241 1966 1316 2034 Da*

380 2059 477 2130 rium
512 2056 559 2125 ad
587 2055 763 2152 oppidum
792 2059 906 2127 lanum
933 2056 1122 2140 defertur,
1157 2081 1316 2151 eumque

380 2169 483 2224 tanta
497 2153 687 2222 occidione
702 2150 825 2220 caedit
837 2201 849 2234 ‚
860 2169 902 2221 ut
913 2150 959 2222 de
971 2152 1152 2221 rexcentia
1165 2151 1315 2220 milibur

378 2245 535 2317 militum
551 2247 614 2316 vix
629 2268 777 2338 parvom
803 2247 970 2339 equitnm
994 2267 1140 2314 manum
1156 2243 1316 2342 fugienti

379 2339 462 2502 pepli
483 2337 663 2448 reliquam
686 2333 827 2408 facerit.
849 2338 942 2498 lipin
962 2340 1131 2502 unirelpra
1153 2340 1255 2447 Syria
1276 2340 1317 2408 iu

407 2451 605 2502 emonem
631 2452 716 2499 acce
744 2449 796 2513 ta,
821 2455 862 2500 re
902 2454 922 2499 a
970 2454 1035 2500 aaa
1092 2454 1225 2500 amaror
1274 2455 1316 2500 o·

381 2525 494 2606 titur,
513 2525 572 2592 illi
597 2456 768 2594 nimirdm
786 2455 1027 2608 Macbdoden
1052 2526 1117 2618 qni
1140 2456 1318 2596 hactedut

382 2616 604 2714 quotidiani·
622 2617 741 2711 cpulir
766 2619 806 2686 in
832 2617 969 2688 robore
989 2618 1236 2688 occubuerant
1250 2634 1317 2701 <or

379 2734 467 2782 mox
490 2711 729 2781 inPeraarum
744 2732 837 2781 auro
855 2729 967 2803 atque
990 2709 1134 2780 deliciis
1158 2711 1319 2782 volutari

382 2823 594 2914 coeperunt.
617 2813 823 2900 Aegyptum
850 2806 1040 2916 regionum
1078 2803 1319 2912 praedivitem
1433 2857 1457 2882 ,
1534 2814 1535 2825 ’

382 2923 501 2995 paene
517 2901 666 2970 rucrmir
684 2900 803 2968 Peraia
820 2916 979 2992 eripuit,
1004 2921 1077 2992 qua
1100 2919 1140 2966 ro
1168 2898 1319 2993 provin·

382 2995 440 3063 cia
476 2994 716 3064 claritrimum
755 2994 915 3062 nominis
952 2992 1010 3060 ani
1046 3007 1319 3062 monumentum

382 3083 1321 3273 tztsst3²¹3'elzlnllttllnl'littlit

386 3295 525 3341 nummo
540 3276 683 3344 excidio
696 3275 865 3344 vorarit.
889 3273 1041 3343 lntcrim
1058 3295 1169 3365 quum
1190 3273 1320 3342 Darius
1388 3314 1392 3331 ·

384 3367 611 3439 innumeram
635 3391 780 3438 manunt
805 3393 850 3438 ex
874 3391 942 3438 ouo
964 3368 1120 3460 imperio
1150 3366 1321 3464 collegii·

387 3475 466 3541 tet,
499 3477 536 3528 et
560 3462 699 3558 magnit
722 3461 935 3532 adventitii·
969 3462 1166 3531 multorum
1195 3480 1323 3555 regum

387 3569 425 3620 et
439 3554 626 3622 nationum
643 3554 759 3648 topiia
771 3555 979 3634 iuvaretur
993 3553 1199 3624 Alexander
1210 3573 1323 3647 parvo

386 3645 543 3715 militum
558 3669 708 3716 numero
725 3649 765 3718 in
780 3647 935 3718 mediam
950 3649 1133 3741 Arryriam
1147 3647 1326 3742 pertarit,

383 3805 390 3816 ⁴
430 3827 473 3897 (1)
493 3821 598 3880 Confer
617 3823 750 3883 Curtium
769 3840 799 3883 x.
818 3840 847 3883 a.
