<?xml version="1.0" encoding="UTF-8"?>
<!DOCTYPE html PUBLIC "-//W3C//DTD XHTML 1.0 Transitional//EN"
    "http://www.w3.org/TR/xhtml1/DTD/xhtml1-transitional.dtd">
<html xmlns="http://www.w3.org/1999/xhtml" xml:lang="en" lang="en">
 <head>
  <title>
</title>
<meta http-equiv="Content-Type" content="text/html;charset=utf-8" />
  <meta name='ocr-system' content='tesseract 3.04.00' />
  <meta name='ocr-capabilities' content='ocr_page ocr_carea ocr_par ocr_line ocrx_word'/>
</head>
<body>
  <div class='ocr_page' id='page_1' title='image "./itinerariumalex00unkngoog/itinerariumalex00unkngoog_0278.png"; bbox 0 0 3109 4934; ppageno 0'>
   <div class='ocr_carea' id='block_1_1' title="bbox 405 507 1084 606">
    <p class='ocr_par' dir='ltr' id='par_1_1' title="bbox 405 507 1084 606">
     <span class='ocr_line' id='line_1_1' title="bbox 405 507 1084 606; baseline 0 -22"><span class='ocrx_word' id='word_1_1' title='bbox 405 535 469 606; x_wconf 76' lang='lat'>¹44</span> <span class='ocrx_word' id='word_1_2' title='bbox 644 507 899 586; x_wconf 70' lang='lat' dir='ltr'>russanum</span> <span class='ocrx_word' id='word_1_3' title='bbox 923 507 1084 584; x_wconf 81' lang='lat' dir='ltr'>out&#39;rvs</span> 
     </span>
    </p>
   </div>
   <div class='ocr_carea' id='block_1_2' title="bbox 224 661 1326 1022">
    <p class='ocr_par' dir='ltr' id='par_1_2' title="bbox 235 661 1326 1022">
     <span class='ocr_line' id='line_1_2' title="bbox 258 661 1323 780; baseline -0.004 -31"><span class='ocrx_word' id='word_1_4' title='bbox 258 709 389 762; x_wconf 56' lang='lat' dir='ltr'>„mn</span> <span class='ocrx_word' id='word_1_5' title='bbox 462 665 513 748; x_wconf 88' lang='lat' dir='ltr'>X.</span> <span class='ocrx_word' id='word_1_6' title='bbox 544 661 741 770; x_wconf 76' lang='lat' dir='ltr'>Quaesita</span> <span class='ocrx_word' id='word_1_7' title='bbox 760 689 861 780; x_wconf 82' lang='lat' dir='ltr'>ergo</span> <span class='ocrx_word' id='word_1_8' title='bbox 879 661 979 747; x_wconf 84' lang='lat' dir='ltr'>belii</span> <span class='ocrx_word' id='word_1_9' title='bbox 997 661 1193 759; x_wconf 88' lang='lat' dir='ltr'>ratione,</span> <span class='ocrx_word' id='word_1_10' title='bbox 1214 687 1323 745; x_wconf 87' lang='lat' dir='ltr'>com·</span> 
     </span>
     <span class='ocr_line' id='line_1_3' title="bbox 224 724 1324 899; baseline -0.008 -25.909"><span class='ocrx_word' id='word_1_11' title='bbox 224 789 372 850; x_wconf 56' lang='lat' dir='ltr'>&#39;&#39;W&#39;‘</span> <span class='ocrx_word' id='word_1_12' title='bbox 404 784 636 872; x_wconf 90' lang='lat' dir='ltr'>miniscitur</span> <span class='ocrx_word' id='word_1_13' title='bbox 676 813 752 899; x_wconf 90' lang='lat' dir='ltr'>per</span> <span class='ocrx_word' id='word_1_14' title='bbox 795 781 986 868; x_wconf 87' lang='lat' dir='ltr'>astutiam</span> <span class='ocrx_word' id='word_1_15' title='bbox 1028 811 1112 894; x_wconf 87' lang='lat' dir='ltr'>quo</span> <span class='ocrx_word' id='word_1_16' title='bbox 1161 724 1324 866; x_wconf 89' lang='lat' dir='ltr'>demum</span> 
     </span>
     <span class='ocr_line' id='line_1_4' title="bbox 405 898 1326 1022; baseline -0.009 -33"><span class='ocrx_word' id='word_1_17' title='bbox 405 934 557 1022; x_wconf 84' lang='lat' dir='ltr'>genere</span> <span class='ocrx_word' id='word_1_18' title='bbox 600 905 730 988; x_wconf 88' lang='lat' dir='ltr'>averti</span> <span class='ocrx_word' id='word_1_19' title='bbox 784 921 926 1018; x_wconf 86' lang='lat' dir='ltr'>posset</span> <span class='ocrx_word' id='word_1_20' title='bbox 965 901 1131 1015; x_wconf 80' lang='lat' dir='ltr'><strong>inpetus</strong></span> <span class='ocrx_word' id='word_1_21' title='bbox 1180 898 1326 984; x_wconf 84' lang='lat' dir='ltr'>bestia·</span> 
     </span>
    </p>
   </div>
   <div class='ocr_carea' id='block_1_3' title="bbox 296 1021 1340 3894">
    <p class='ocr_par' dir='ltr' id='par_1_3' title="bbox 296 1021 1340 3894">
     <span class='ocr_line' id='line_1_5' title="bbox 404 1021 1324 1139; baseline -0.007 -29"><span class='ocrx_word' id='word_1_22' title='bbox 404 1055 510 1110; x_wconf 89' lang='lat' dir='ltr'>rum.</span> <span class='ocrx_word' id='word_1_23' title='bbox 540 1023 672 1139; x_wconf 85' lang='lat' dir='ltr'>Igitur</span> <span class='ocrx_word' id='word_1_24' title='bbox 702 1044 856 1108; x_wconf 87' lang='lat' dir='ltr'>statuas</span> <span class='ocrx_word' id='word_1_25' title='bbox 887 1050 1028 1108; x_wconf 83' lang='lat' dir='ltr'>aeroas</span> <span class='ocrx_word' id='word_1_26' title='bbox 1047 1049 1173 1134; x_wconf 90' lang='lat' dir='ltr'>quam</span> <span class='ocrx_word' id='word_1_27' title='bbox 1200 1021 1324 1136; x_wconf 90' lang='lat' dir='ltr'>pluri·</span> 
     </span>
     <span class='ocr_line' id='line_1_6' title="bbox 404 1141 1324 1256; baseline -0.007 -26"><span class='ocrx_word' id='word_1_28' title='bbox 404 1175 493 1230; x_wconf 86' lang='lat' dir='ltr'>mas</span> <span class='ocrx_word' id='word_1_29' title='bbox 524 1145 672 1230; x_wconf 85' lang='lat' dir='ltr'>advehi</span> <span class='ocrx_word' id='word_1_30' title='bbox 703 1171 846 1229; x_wconf 86' lang='lat' dir='ltr'>secum</span> <span class='ocrx_word' id='word_1_31' title='bbox 873 1141 1105 1256; x_wconf 80' lang='lat' dir='ltr'>quibusque</span> <span class='ocrx_word' id='word_1_32' title='bbox 1150 1143 1202 1226; x_wconf 88' lang='lat' dir='ltr'>de</span> <span class='ocrx_word' id='word_1_33' title='bbox 1230 1169 1324 1254; x_wconf 86' lang='lat' dir='ltr'>pro·</span> 
     </span>
     <span class='ocr_line' id='line_1_7' title="bbox 404 1261 1324 1375; baseline -0.008 -26"><span class='ocrx_word' id='word_1_34' title='bbox 404 1263 525 1349; x_wconf 76' lang='lat' dir='ltr'>nimis</span> <span class='ocrx_word' id='word_1_35' title='bbox 572 1263 674 1348; x_wconf 90' lang='lat' dir='ltr'>locis</span> <span class='ocrx_word' id='word_1_36' title='bbox 724 1265 777 1348; x_wconf 85' lang='lat' dir='ltr'>ad</span> <span class='ocrx_word' id='word_1_37' title='bbox 825 1265 964 1347; x_wconf 88' lang='lat' dir='ltr'>locum</span> <span class='ocrx_word' id='word_1_38' title='bbox 1009 1261 1159 1375; x_wconf 88' lang='lat' dir='ltr'>proelii</span> <span class='ocrx_word' id='word_1_39' title='bbox 1187 1263 1324 1344; x_wconf 85' lang='lat' dir='ltr'>iubet:</span> 
     </span>
     <span class='ocr_line' id='line_1_8' title="bbox 404 1378 1326 1496; baseline -0.004 -28"><span class='ocrx_word' id='word_1_40' title='bbox 404 1384 517 1496; x_wconf 92' lang='lat' dir='ltr'>quod</span> <span class='ocrx_word' id='word_1_41' title='bbox 546 1381 619 1466; x_wconf 92' lang='lat' dir='ltr'>ubi</span> <span class='ocrx_word' id='word_1_42' title='bbox 647 1379 801 1467; x_wconf 86' lang='lat' dir='ltr'>factum</span> <span class='ocrx_word' id='word_1_43' title='bbox 830 1403 922 1484; x_wconf 90' lang='lat' dir='ltr'>est,</span> <span class='ocrx_word' id='word_1_44' title='bbox 948 1381 1107 1468; x_wconf 86' lang='lat' dir='ltr'>ibidem</span> <span class='ocrx_word' id='word_1_45' title='bbox 1133 1378 1326 1496; x_wconf 82' lang='lat' dir='ltr'>ignisub·</span> 
     </span>
     <span class='ocr_line' id='line_1_9' title="bbox 403 1497 1327 1617; baseline -0.006 -29"><span class='ocrx_word' id='word_1_46' title='bbox 403 1505 512 1588; x_wconf 92' lang='lat' dir='ltr'>iecto</span> <span class='ocrx_word' id='word_1_47' title='bbox 553 1529 677 1616; x_wconf 86' lang='lat' dir='ltr'>quam</span> <span class='ocrx_word' id='word_1_48' title='bbox 725 1503 906 1617; x_wconf 87' lang='lat' dir='ltr'>plurimo</span> <span class='ocrx_word' id='word_1_49' title='bbox 950 1497 1132 1587; x_wconf 85' lang='lat' dir='ltr'>calefieri</span> <span class='ocrx_word' id='word_1_50' title='bbox 1176 1529 1245 1586; x_wconf 85' lang='lat' dir='ltr'>eas</span> <span class='ocrx_word' id='word_1_51' title='bbox 1287 1520 1327 1583; x_wconf 91' lang='lat' dir='ltr'>et</span> 
     </span>
     <span class='ocr_line' id='line_1_10' title="bbox 405 1619 1325 1738; baseline -0.004 -30"><span class='ocrx_word' id='word_1_52' title='bbox 405 1621 531 1738; x_wconf 80' lang='lat' dir='ltr'>igniri</span> <span class='ocrx_word' id='word_1_53' title='bbox 572 1619 768 1738; x_wconf 80' lang='lat' dir='ltr'>festinat:</span> <span class='ocrx_word' id='word_1_54' title='bbox 803 1644 1002 1736; x_wconf 82' lang='lat' dir='ltr'>erantque</span> <span class='ocrx_word' id='word_1_55' title='bbox 1045 1650 1121 1705; x_wconf 89' lang='lat' dir='ltr'>eae</span> <span class='ocrx_word' id='word_1_56' title='bbox 1171 1641 1325 1704; x_wconf 78' lang='lat' dir='ltr'>statuae</span> 
     </span>
     <span class='ocr_line' id='line_1_11' title="bbox 403 1739 1326 1858; baseline -0.004 -32"><span class='ocrx_word' id='word_1_57' title='bbox 403 1765 499 1858; x_wconf 88' lang='lat' dir='ltr'>post</span> <span class='ocrx_word' id='word_1_58' title='bbox 546 1741 701 1857; x_wconf 86' lang='lat' dir='ltr'>primas</span> <span class='ocrx_word' id='word_1_59' title='bbox 752 1741 863 1826; x_wconf 86' lang='lat' dir='ltr'>acies</span> <span class='ocrx_word' id='word_1_60' title='bbox 894 1764 936 1827; x_wconf 89' lang='lat' dir='ltr'>et</span> <span class='ocrx_word' id='word_1_61' title='bbox 976 1741 1152 1826; x_wconf 80' lang='lat' dir='ltr'>&#39;ordines</span> <span class='ocrx_word' id='word_1_62' title='bbox 1201 1739 1326 1838; x_wconf 85' lang='lat' dir='ltr'>sitae,</span> 
     </span>
     <span class='ocr_line' id='line_1_12' title="bbox 296 1859 1326 1976; baseline -0.002 -30"><span class='ocrx_word' id='word_1_63' title='bbox 296 1963 302 1974; x_wconf 25' lang='grc' dir='ltr'>ι</span> <span class='ocrx_word' id='word_1_64' title='bbox 406 1883 528 1976; x_wconf 87' lang='lat' dir='ltr'>atque</span> <span class='ocrx_word' id='word_1_65' title='bbox 557 1863 614 1947; x_wconf 89' lang='grc' dir='ltr'><strong>ιιιι</strong></span> <span class='ocrx_word' id='word_1_66' title='bbox 645 1883 739 1946; x_wconf 85' lang='lat' dir='ltr'>ante</span> <span class='ocrx_word' id='word_1_67' title='bbox 781 1861 881 1946; x_wconf 89' lang='lat' dir='ltr'>belli</span> <span class='ocrx_word' id='word_1_68' title='bbox 929 1882 1093 1976; x_wconf 89' lang='lat' dir='ltr'>tempus</span> <span class='ocrx_word' id='word_1_69' title='bbox 1140 1859 1326 1945; x_wconf 86' lang='lat' dir='ltr'>hostibus</span> 
     </span>
     <span class='ocr_line' id='line_1_13' title="bbox 401 1979 1327 2100; baseline -0.004 -34"><span class='ocrx_word' id='word_1_70' title='bbox 401 1979 650 2068; x_wconf 82' lang='lat' dir='ltr'>invisitatae·</span> <span class='ocrx_word' id='word_1_71' title='bbox 671 1983 892 2068; x_wconf 84' lang='lat' dir='ltr'>Enimvero</span> <span class='ocrx_word' id='word_1_72' title='bbox 933 1983 1007 2067; x_wconf 93' lang='lat' dir='ltr'>ubi</span> <span class='ocrx_word' id='word_1_73' title='bbox 1036 1982 1155 2100; x_wconf 82' lang='lat' dir='ltr'>sigua</span> <span class='ocrx_word' id='word_1_74' title='bbox 1183 1979 1327 2065; x_wconf 84' lang='lat' dir='ltr'>bellica</span> 
     </span>
     <span class='ocr_line' id='line_1_14' title="bbox 403 2101 1329 2218; baseline -0.004 -32"><span class='ocrx_word' id='word_1_75' title='bbox 403 2128 627 2216; x_wconf 84' lang='lat' dir='ltr'>crepuere,</span> <span class='ocrx_word' id='word_1_76' title='bbox 653 2103 863 2218; x_wconf 82' lang='lat' dir='ltr'>primique</span> <span class='ocrx_word' id='word_1_77' title='bbox 897 2129 1122 2187; x_wconf 84' lang='lat' dir='ltr'>concursus</span> <span class='ocrx_word' id='word_1_78' title='bbox 1153 2101 1329 2214; x_wconf 83' lang='lat' dir='ltr'>partium</span> 
     </span>
     <span class='ocr_line' id='line_1_15' title="bbox 401 2219 1328 2336; baseline -0.003 -30"><span class='ocrx_word' id='word_1_79' title='bbox 401 2221 710 2336; x_wconf 73' lang='lat' dir='ltr'>sperabantur,</span> <span class='ocrx_word' id='word_1_80' title='bbox 749 2221 843 2310; x_wconf 87' lang='lat' dir='ltr'>Indi</span> <span class='ocrx_word' id='word_1_81' title='bbox 871 2222 1040 2309; x_wconf 87' lang='lat' dir='ltr'>barbari</span> <span class='ocrx_word' id='word_1_82' title='bbox 1080 2219 1189 2308; x_wconf 83' lang='lat' dir='ltr'>ieras</span> <span class='ocrx_word' id='word_1_83' title='bbox 1239 2219 1328 2304; x_wconf 85' lang='lat' dir='ltr'>ilias</span> 
     </span>
     <span class='ocr_line' id='line_1_16' title="bbox 401 2337 1328 2458; baseline -0.004 -34"><span class='ocrx_word' id='word_1_84' title='bbox 401 2341 552 2426; x_wconf 84' lang='lat' dir='ltr'>bestias</span> <span class='ocrx_word' id='word_1_85' title='bbox 582 2371 659 2458; x_wconf 87' lang='lat' dir='ltr'>per</span> <span class='ocrx_word' id='word_1_86' title='bbox 687 2369 732 2427; x_wconf 87' lang='lat' dir='ltr'>se</span> <span class='ocrx_word' id='word_1_87' title='bbox 761 2343 824 2426; x_wconf 89' lang='lat' dir='ltr'>ire</span> <span class='ocrx_word' id='word_1_88' title='bbox 866 2343 1100 2444; x_wconf 90' lang='lat' dir='ltr'>dimittunt,</span> <span class='ocrx_word' id='word_1_89' title='bbox 1150 2342 1212 2426; x_wconf 91' lang='lat' dir='ltr'>ita</span> <span class='ocrx_word' id='word_1_90' title='bbox 1252 2337 1328 2424; x_wconf 85' lang='lat' dir='ltr'>sci·</span> 
     </span>
     <span class='ocr_line' id='line_1_17' title="bbox 401 2460 1327 2578; baseline -0.001 -34"><span class='ocrx_word' id='word_1_91' title='bbox 401 2460 498 2545; x_wconf 92' lang='lat' dir='ltr'>licet</span> <span class='ocrx_word' id='word_1_92' title='bbox 528 2461 701 2559; x_wconf 88' lang='lat' dir='ltr'>doctas,</span> <span class='ocrx_word' id='word_1_93' title='bbox 730 2483 778 2546; x_wconf 89' lang='lat' dir='ltr'>ut</span> <span class='ocrx_word' id='word_1_94' title='bbox 808 2491 903 2546; x_wconf 92' lang='lat' dir='ltr'>cum</span> <span class='ocrx_word' id='word_1_95' title='bbox 942 2463 1125 2578; x_wconf 89' lang='lat' dir='ltr'>primum</span> <span class='ocrx_word' id='word_1_96' title='bbox 1163 2461 1208 2544; x_wconf 92' lang='lat' dir='ltr'>in</span> <span class='ocrx_word' id='word_1_97' title='bbox 1258 2460 1327 2544; x_wconf 91' lang='lat' dir='ltr'>ad·</span> 
     </span>
     <span class='ocr_line' id='line_1_18' title="bbox 403 2579 1328 2694; baseline -0.003 -28"><span class='ocrx_word' id='word_1_98' title='bbox 403 2609 543 2666; x_wconf 87' lang='lat' dir='ltr'>versos</span> <span class='ocrx_word' id='word_1_99' title='bbox 562 2579 876 2685; x_wconf 64' lang='lat' dir='ltr'>mundavissent,</span> <span class='ocrx_word' id='word_1_100' title='bbox 896 2583 1091 2694; x_wconf 88' lang='lat' dir='ltr'>circaque</span> <span class='ocrx_word' id='word_1_101' title='bbox 1117 2611 1189 2665; x_wconf 90' lang='lat' dir='ltr'>eos</span> <span class='ocrx_word' id='word_1_102' title='bbox 1207 2609 1328 2693; x_wconf 87' lang='lat' dir='ltr'>proe-</span> 
     </span>
     <span class='ocr_line' id='line_1_19' title="bbox 400 2699 1329 2830; baseline -0.002 -46"><span class='ocrx_word' id='word_1_103' title='bbox 400 2701 540 2786; x_wconf 86' lang='lat' dir='ltr'>liaturi</span> <span class='ocrx_word' id='word_1_104' title='bbox 568 2702 708 2812; x_wconf 81' lang='lat' dir='ltr'>hostes</span> <span class='ocrx_word' id='word_1_105' title='bbox 739 2723 1073 2830; x_wconf 80' lang='lat' dir='ltr'>occuparentur,</span> <span class='ocrx_word' id='word_1_106' title='bbox 1096 2699 1200 2786; x_wconf 88' lang='lat' dir='ltr'>nihil</span> <span class='ocrx_word' id='word_1_107' title='bbox 1219 2699 1329 2784; x_wconf 80' lang='lat' dir='ltr'>Indis</span> 
     </span>
     <span class='ocr_line' id='line_1_20' title="bbox 402 2797 1331 2936; baseline -0.003 -30"><span class='ocrx_word' id='word_1_108' title='bbox 402 2797 786 2936; x_wconf 79' lang='lat' dir='ltr'>supervenientibus</span> <span class='ocrx_word' id='word_1_109' title='bbox 836 2851 976 2907; x_wconf 86' lang='lat' dir='ltr'>morae</span> <span class='ocrx_word' id='word_1_110' title='bbox 1025 2819 1183 2920; x_wconf 85' lang='lat' dir='ltr'>fieret,</span> <span class='ocrx_word' id='word_1_111' title='bbox 1232 2817 1331 2932; x_wconf 87' lang='lat' dir='ltr'>quin</span> 
     </span>
     <span class='ocr_line' id='line_1_21' title="bbox 402 2883 1330 3052; baseline -0.004 -28"><span class='ocrx_word' id='word_1_112' title='bbox 402 2943 535 3026; x_wconf 91' lang='lat' dir='ltr'>libera</span> <span class='ocrx_word' id='word_1_113' title='bbox 582 2941 790 3028; x_wconf 88' lang='lat' dir='ltr'>iaculandi</span> <span class='ocrx_word' id='word_1_114' title='bbox 842 2943 974 3028; x_wconf 88' lang='lat' dir='ltr'>hostis</span> <span class='ocrx_word' id='word_1_115' title='bbox 1018 2883 1330 3052; x_wconf 83' lang='lat' dir='ltr'>trucidahdique</span> 
     </span>
     <span class='ocr_line' id='line_1_22' title="bbox 403 3057 1333 3198; baseline -0.002 -55"><span class='ocrx_word' id='word_1_116' title='bbox 403 3057 575 3148; x_wconf 82' lang='lat' dir='ltr'>facultas</span> <span class='ocrx_word' id='word_1_117' title='bbox 620 3083 790 3178; x_wconf 82' lang='lat' dir='ltr'>pateret.</span> <span class='ocrx_word' id='word_1_118' title='bbox 831 3063 881 3147; x_wconf 92' lang='lat' dir='ltr'>Id</span> <span class='ocrx_word' id='word_1_119' title='bbox 914 3061 991 3147; x_wconf 90' lang='lat' dir='ltr'>ubi</span> <span class='ocrx_word' id='word_1_120' title='bbox 1038 3060 1203 3146; x_wconf 83' lang='lat' dir='ltr'>factum</span> <span class='ocrx_word' id='word_1_121' title='bbox 1242 3079 1333 3198; x_wconf 72' lang='lat' dir='ltr'>est,</span> 
     </span>
     <span class='ocr_line' id='line_1_23' title="bbox 401 3177 1331 3296; baseline -0.005 -30"><span class='ocrx_word' id='word_1_122' title='bbox 401 3185 616 3296; x_wconf 87' lang='lat' dir='ltr'>praedocti</span> <span class='ocrx_word' id='word_1_123' title='bbox 658 3185 937 3271; x_wconf 86' lang='lat' dir='ltr'>Macedonum</span> <span class='ocrx_word' id='word_1_124' title='bbox 984 3179 1152 3266; x_wconf 83' lang='lat' dir='ltr'>ordines</span> <span class='ocrx_word' id='word_1_125' title='bbox 1206 3177 1331 3296; x_wconf 91' lang='lat' dir='ltr'>primi</span> 
     </span>
     <span class='ocr_line' id='line_1_24' title="bbox 401 3302 1332 3418; baseline -0.002 -34"><span class='ocrx_word' id='word_1_126' title='bbox 401 3304 614 3414; x_wconf 84' lang='lat' dir='ltr'>paululum</span> <span class='ocrx_word' id='word_1_127' title='bbox 655 3305 707 3388; x_wconf 90' lang='lat' dir='ltr'>de</span> <span class='ocrx_word' id='word_1_128' title='bbox 745 3307 840 3389; x_wconf 91' lang='lat' dir='ltr'>loco</span> <span class='ocrx_word' id='word_1_129' title='bbox 882 3333 965 3418; x_wconf 92' lang='lat' dir='ltr'>quo</span> <span class='ocrx_word' id='word_1_130' title='bbox 1005 3302 1242 3411; x_wconf 84' lang='lat' dir='ltr'>institerant</span> <span class='ocrx_word' id='word_1_131' title='bbox 1268 3327 1332 3382; x_wconf 86' lang='lat' dir='ltr'>re·</span> 
     </span>
     <span class='ocr_line' id='line_1_25' title="bbox 401 3421 1331 3538; baseline 0.002 -37"><span class='ocrx_word' id='word_1_132' title='bbox 401 3421 643 3532; x_wconf 85' lang='lat' dir='ltr'>pedantes,</span> <span class='ocrx_word' id='word_1_133' title='bbox 704 3424 854 3538; x_wconf 83' lang='lat' dir='ltr'>ignitas</span> <span class='ocrx_word' id='word_1_134' title='bbox 904 3445 1058 3508; x_wconf 86' lang='lat' dir='ltr'>statuas</span> <span class='ocrx_word' id='word_1_135' title='bbox 1117 3421 1331 3504; x_wconf 87' lang='lat' dir='ltr'>incursau-</span> 
     </span>
     <span class='ocr_line' id='line_1_26' title="bbox 403 3537 1340 3655; baseline -0.002 -33"><span class='ocrx_word' id='word_1_136' title='bbox 403 3539 514 3623; x_wconf 87' lang='lat' dir='ltr'>tibus</span> <span class='ocrx_word' id='word_1_137' title='bbox 552 3540 694 3624; x_wconf 87' lang='lat' dir='ltr'>bestiis</span> <span class='ocrx_word' id='word_1_138' title='bbox 725 3545 918 3655; x_wconf 88' lang='lat' dir='ltr'>produnt.</span> <span class='ocrx_word' id='word_1_139' title='bbox 961 3543 1076 3645; x_wconf 85' lang='lat' dir='ltr'>Quas</span> <span class='ocrx_word' id='word_1_140' title='bbox 1126 3569 1223 3624; x_wconf 88' lang='lat' dir='ltr'>cum</span> <span class='ocrx_word' id='word_1_141' title='bbox 1263 3537 1340 3622; x_wconf 61' lang='lat' dir='ltr'>fala</span> 
     </span>
     <span class='ocr_line' id='line_1_27' title="bbox 404 3655 1333 3758; baseline 0.003 -19"><span class='ocrx_word' id='word_1_142' title='bbox 404 3685 449 3740; x_wconf 84' lang='lat' dir='ltr'>sa</span> <span class='ocrx_word' id='word_1_143' title='bbox 480 3655 584 3741; x_wconf 84' lang='lat' dir='ltr'>facie</span> <span class='ocrx_word' id='word_1_144' title='bbox 615 3659 731 3744; x_wconf 80' lang='lat' dir='ltr'>velut</span> <span class='ocrx_word' id='word_1_145' title='bbox 779 3661 903 3742; x_wconf 87' lang='lat' dir='ltr'>etiam</span> <span class='ocrx_word' id='word_1_146' title='bbox 939 3660 1140 3745; x_wconf 90' lang='lat' dir='ltr'>candente</span> <span class='ocrx_word' id='word_1_147' title='bbox 1171 3662 1333 3758; x_wconf 87' lang='lat' dir='ltr'>colore,</span> 
     </span>
     <span class='ocr_line' id='line_1_28' title="bbox 406 3774 1334 3894; baseline 0.006 -36"><span class='ocrx_word' id='word_1_148' title='bbox 406 3774 550 3890; x_wconf 90' lang='lat' dir='ltr'>inpetu</span> <span class='ocrx_word' id='word_1_149' title='bbox 605 3776 701 3863; x_wconf 89' lang='lat' dir='ltr'>belli</span> <span class='ocrx_word' id='word_1_150' title='bbox 763 3781 980 3894; x_wconf 81' lang='lat' dir='ltr'>complexu</span> <span class='ocrx_word' id='word_1_151' title='bbox 1029 3799 1071 3864; x_wconf 90' lang='lat' dir='ltr'>et</span> <span class='ocrx_word' id='word_1_152' title='bbox 1128 3779 1334 3866; x_wconf 78' lang='lat' dir='ltr'>morsibus</span> 
     </span>
    </p>
   </div>
   <div class='ocr_carea' id='block_1_4' title="bbox 0 0 1562 4934">
    <p class='ocr_par' dir='ltr' id='par_1_4' title="bbox 0 0 1562 4934">
     <span class='ocr_line' id='line_1_29' title="bbox 0 0 1562 4934; baseline 0 0"><span class='ocrx_word' id='word_1_153' title='bbox 0 0 1562 4934; x_wconf 95' lang='lat' dir='ltr'> </span> 
     </span>
    </p>
   </div>
  </div>
 </body>
</html>
