3109 4934
367 475 414 566 64
622 475 878 548 stoxannnr
903 473 1045 548 onrvs

207 663 351 728 remu..
425 625 507 714 Lll.
542 623 593 710 Et
640 631 741 714 haec
783 625 954 742 quidem
991 625 1144 740 scripta
1183 625 1296 742 regis

182 735 268 847 ζ’,ξξῗ
297 750 351 782 ‘'²¹''
366 745 598 831 Alexander
641 745 805 862 legerat
846 745 969 830 Enim
1006 745 1178 831 ulterius
1209 751 1320 830 uon'.

366 865 503 952 verbis
533 867 607 950 sed
636 868 771 984 gladio
802 867 1003 982 agendam
1035 895 1127 952 rem
1155 887 1297 966 ratus,
1437 971 1442 976 Δ

365 1016 447 1102 per.
470 988 664 1073 Arabiam
694 989 917 1074 exercitum
941 989 1081 1086 ducit,
1111 1007 1235 1100 atque
1253 985 1300 1068 iu

367 1137 548 1220 aequore
580 1109 692 1224 quod
722 1109 906 1225 agendae
938 1107 1003 1195 rei
1023 1105 1299 1220 opportunius

368 1227 586 1312 videbatur
615 1227 746 1314 aciem
771 1227 964 1312 extendit
994 1229 1088 1332 Qua
1108 1226 1297 1341 inspecta

367 1344 520 1434 Darius
538 1377 655 1461 spem
679 1346 855 1462 primam
875 1377 1048 1462 eamque
1066 1347 1136 1432 vel
1164 1345 1297 1430 maxi·

368 1495 479 1552 mam
508 1467 553 1550 in
582 1465 736 1552 fucatis
766 1467 956 1552 curribus
986 1466 1128 1584 ponit:
1158 1466 1232 1580 qui
1251 1485 1298 1548 ut

367 1585 527 1674 facilius
542 1586 673 1674 aciem
688 1585 869 1672 hostium
880 1587 1141 1672 incursarent
1157 1587 1295 1669 alate-

367 1737 414 1792 re
431 1709 704 1794 conlocantur.
724 1709 805 1792 Sed
835 1708 881 1793 id
900 1705 1118 1793 consilium
1144 1707 1296 1790 Persae

368 1825 507 1912 dissici
537 1828 769 1914 Alexander
796 1823 958 1914 facilius
977 1823 1212 1940 inopinatus
1232 1848 1297 1928 (a,

368 1944 672 2034 incurrentibus
693 1947 881 2034 curribus
904 1976 981 2062 per
1001 1947 1109 2032 acies
1127 1947 1298 2060 phalan-

367 2075 521 2182 gasque
550 2070 690 2153 locum
719 2066 907 2153 transitui
925 2067 1053 2184 pandi
1072 2065 1295 2182 praedicit,

368 2207 535 2300 tumque
563 2187 609 2272 in
643 2189 955 2274 transvehentes
983 2185 1170 2303 peditum
1198 2215 1295 2270 suo·

366 2335 462 2394 rum
489 2307 622 2394 iacula
651 2307 867 2421 torqueri:
903 2337 1036 2422 eoque
1065 2303 1297 2422 perfectum

368 2446 430 2511 est
468 2449 514 2510 ut
546 2429 665 2514 brevi
713 2431 848 2514 omnis
892 2427 963 2512 ille
992 2455 1188 2512 curruum
1217 2455 1296 2511 nu-

223 2599 233 2616 ·
366 2575 503 2631 merus
533 2568 741 2634 teneretur
772 2577 854 2631 una
885 2546 1003 2659 equis
1032 2569 1075 2632 et
1104 2545 1299 2662 aurigan-

367 2667 476 2752 tibus
495 2665 598 2754 lixis.
617 2670 749 2786 Igitur
767 2669 906 2752 sedata
934 2665 1152 2752 formidine
1171 2697 1298 2780 quam

367 2789 516 2890 Persae
563 2790 616 2874 de
661 2787 853 2874 curribus
905 2786 1296 2904 intemptaverant,

369 2931 587 3022 aequatum
643 2938 764 2994 omne
813 2907 1019 3022 proelium
1068 2907 1321 2993 videbatur·

367 3029 527 3144 Agebat
553 3059 677 3146 porro
707 3029 937 3114 Alexander
954 3029 1000 3112 iu
1029 3029 1175 3113 dextro
1205 3055 1298 3110 cor·

366 3177 449 3248 nu,
479 3152 591 3263 quod
620 3153 737 3235 laevo
768 3148 926 3234 scilicet
953 3148 1114 3262 persico
1158 3149 1297 3232 obvia·

368 3271 449 3350 bat.
468 3271 662 3354 Inscenso
690 3271 817 3386 igitur
846 3298 953 3381 equo
981 3267 1144 3384 signum
1163 3269 1297 3351 incre·
1335 3377 1341 3386 Ι

368 3387 461 3502 pari
475 3389 668 3474 bellicum
682 3391 850 3474 mandat
868 3417 1034 3502 unaque
1055 3387 1293 3472 coeuntium

368 3507 521 3590 clamor
566 3511 758 3592 attollitur
801 3507 975 3621 ancipiti
1008 3507 1106 3592 satis
1136 3507 1293 3621 proelio

400 3775 434 3828 (a)
452 3773 486 3820 lta
504 3775 558 3819 eod.
577 3787 623 3833 pro
641 3773 751 3836 aplanus.
