3109 4934
561 527 639 598 sav
664 527 790 599 atara
814 533 843 600 ι.
900 579 934 612 .,
1122 554 1167 626 77

231 675 458 760 »nullum
516 695 697 760 vestrum
750 679 855 761 adeo
904 677 970 759 sui
1025 704 1168 760 amau·

239 831 266 879 ι)
300 819 399 880 tem
413 816 535 910 atque
551 797 801 917 sollicitum,
823 825 947 918 quem
976 823 1063 880 uon
1089 821 1169 909 pro

239 951 268 998 ι)
299 944 457 1000 smuma
489 945 588 998 cura
618 940 879 1030 praevertam
898 935 936 988 ‹⁶›
966 947 1005 998 ι).
1043 916 1170 1000 Hisce

240 1037 361 1122 dictis
392 1037 523 1120 sedati
554 1055 672 1118 eraut
703 1036 830 1119 animi
873 1034 1074 1132 militum,
1103 1064 1171 1118 re-

238 1158 481 1276 vocatisque
508 1154 669 1239 ‘viribus
703 1158 755 1240 ad
788 1150 921 1238 officia
947 1156 1172 1239 castrensia

238 1303 328 1360 sese
359 1294 656 1360 converterant

70 1423 140 1484 ag„
143 1420 224 1486 nnti-
283 1395 446 1482 LXIII
459 1397 599 1500 Quare
617 1393 777 1509 prensis
796 1413 833 1472 ιιι
857 1393 1107 1508 plurimis
1070 1393 1172 1478 crvi-

40 1506 97 1602 ῗιῖι
134 1506 224 1604 iaia„
179 1507 431 1600 eutatibus'
419 1535 498 1599 tter
517 1514 561 1596 in
575 1517 729 1600 Locros
759 1535 795 1590 ι’)
809 1515 996 1628 protinus
1025 1512 1171 1598 vertit:

40 1628 72 1671 ⁸¹
76 1627 199 1674 “”’””
240 1663 323 1748 qua
357 1635 403 1718 in
447 1623 549 1718 urbe
582 1633 745 1722 relectis
780 1636 926 1718 animis
959 1633 1172 1731 omnium,

238 1758 520 1871 Agragantum
532 1775 568 1830 ιι)
580 1753 720 1840 tendit
732 1755 835 1838 Eam
846 1754 1024 1837 urbem
1012 1781 1173 1865 nigres-

240 1904 309 1962 sus
353 1875 530 1958 nihilum
560 1893 744 1958 moratus¹
778 1876 939 1958 scandit
967 1872 1173 1989 Apollinis

241 1993 465 2108 templum,
509 1995 844 2107 sacerdotemque
880 2023 984 2108 quae
1019 1992 1174 2079 ibidem

243 2114 461 2204 antistabat
475 2113 635 2198 solitam
664 2113 882 2199 vaticinari
901 2111 944 2197 in
972 2114 1017 2197 id
1039 2111 1175 2226 ipsum

245 2232 381 2349 coepit
405 2263 566 2348 urgere.
585 2235 810 2320 Enimvero
831 2263 926 2317 cum
945 2253 1071 2332 vates,
1090 2231 1174 2314 Dei

174 2445 175 2450 a
242 2355 288 2441 iu
333 2382 378 2438 se
422 2353 668 2467 spiratione,
692 2373 905 2452 cessante,
949 2351 1053 2436 nihil
1094 2352 1175 2436 tale

274 2575 313 2642 (ι)
332 2577 391 2622 (led.
403 2586 542 2638 prmerut.
558 2577 592 2636 (l)
609 2577 667 2624 carl.
681 2581 760 2640 pertla.

281 2752 325 2819 (1)
344 2756 444 2808 Lector
463 2751 577 2806 scilieet
602 2750 752 2806 Graeciae.
912 2797 915 2805 .

282 2833 325 2899 (a)
345 2831 495 2904 Agragaati
527 2833 596 2898 (teu
618 2827 765 2905 Arroganti
794 2828 840 2883 rel
869 2829 1034 2905 Agrigenti)
1059 2828 1175 2882 nomina

244 2906 333 2962 urbea
365 2909 495 2978 quinque
526 2905 687 2976 appellatae
719 2907 761 2961 ait
791 2905 951 2976 Stephanae
981 2907 1173 2976 bysantium,

244 2983 367 3039 eiculam
387 2983 523 3049 scilieet,
545 2985 719 3049 threiciam,
740 2983 891 3038 euboicam
903 3021 912 3046 ,
924 2984 1076 3053 cypriam,
1097 2995 1177 3036 aeto·

244 3061 310 3115 lam.
330 3059 374 3116 Da
395 3061 489 3117 aetola
507 3078 584 3114 uune
604 3079 765 3116 termonem
786 3078 849 3115 eeae
865 3059 1018 3124 arbitror,
1037 3059 1175 3131 quoniam

243 3137 346 3193 Locris
366 3139 395 3192 in
408 3157 471 3193 eam
491 3139 597 3192 ιιιιιιίι
627 3139 801 3195 Alexander.
835 3133 926 3190 Porro
958 3133 1074 3190 inficeta
1102 3136 1175 3189 Ale-

245 3215 349 3270 xandri
370 3215 515 3276 historia,
547 3233 623 3286 quaa
654 3213 771 3269 saeculo
800 3228 849 3268 xv
881 3213 959 3268 edita
989 3227 1056 3280 eat,
1087 3215 1173 3268 haina

243 3293 368 3358 neminie
388 3290 538 3368 Agrageati
566 3291 718 3364 vestigium
748 3306 903 3346 conservat
934 3308 997 3360 cap.
1027 3304 1097 3344 xxx.
1127 3290 1173 3346 hia

244 3369 360 3424 terbia:
385 3370 495 3426 Verte·
485 3388 516 3423 ιιι
549 3366 636 3424 locum
662 3371 711 3444 qui
743 3367 846 3426 dicitur
878 3371 1072 3443 Tragurium(
1095 3381 1125 3423 at
1143 3368 1173 3422 in

247 3446 349 3500 codice
368 3445 462 3500 ambr.
481 3443 610 3500 eiusdem
628 3445 767 3502 historiae
790 3451 937 3520 Tragaaer.
964 3444 1086 3501 Aballo
1107 3445 1173 3502 eud.

246 3521 337 3576 latino
349 3523 443 3577 ambr
468 3535 498 3575 et
521 3539 625 3594 graeco
648 3525 720 3578 haee
739 3526 872 3578 narratio
892 3523 1013 3588 abeat).
1033 3521 1172 3594 Sequitur

248 3613 342 3653 autem
353 3599 383 3652 iu
394 3599 518 3654 eaedita
529 3598 651 3654 historia
662 3600 793 3655 narratio
806 3601 906 3656 eadem
910 3619 1105 3673 ,quamquam
1120 3600 1176 3654 ali·

248 3687 292 3730 ter
308 3675 477 3732 deformata.
490 3675 701 3746 Plutarchuap.
715 3693 767 3732 ao·
770 3693 817 3731 ιι.
830 3679 881 3742 ιίι,
893 3678 1044 3732 oraculum
1055 3678 1093 3732 ab
1102 3677 1176 3732 Ale-

247 3753 360 3807 xandro
380 3754 498 3822 petitum
518 3753 649 3825 Delphis.
668 3753 781 3810 Revera
799 3768 828 3808 et
848 3755 928 3828 quod
958 3755 1024 3810 heic
1053 3754 1185 3809 additum

246 3827 282 3882 de
304 3830 418 3901 tripode
437 3831 475 3885 ab
494 3829 619 3886 Hercule
638 3831 772 3902 sublato,
796 3831 835 3887 id
841 3833 948 3888 laetum
965 3831 1087 3906 Delphis
1107 3847 1176 3885 nar·

246 3921 292 3962 rat
309 3905 465 3964 Pausaniae
485 3910 592 3967 electe.
611 3921 679 3964 xttt.
