3109 4934
535 587 537 592 ,
561 537 641 627 *sev
666 537 793 606 naen
817 539 862 611 11.
1111 537 1176 610 105

243 717 270 768 ιι
303 685 396 784 ille,
424 682 622 818 inquam,
663 713 787 796 quem
818 711 893 768 vos
922 705 1058 768 mente
1079 715 1175 800 cap·

245 839 271 884 ιι
306 827 393 888 tum
423 824 464 885 et
482 800 683 916 percitum
712 801 957 902 nominatis,
986 805 1065 888 hac
1095 810 1175 892 Ae·

241 959 269 1006 ιι
302 922 463 1042 gyptios
484 920 702 1005 oratione<
706 944 717 995 ›
736 923 966 1034 conpressit
995 952 1077 1035 qua
1118 926 1177 1008 di-

243 1077 270 1126 ι)
303 1063 442 1143 cenet,
483 1041 638 1126 idcirco
682 1070 727 1124 se
772 1041 853 1124 illis
889 1063 1042 1126 tantam
1072 1044 1175 1129 civi·

242 1197 269 1246 ι)
303 1184 427 1248 tatem
456 1162 684 1271 urbemque
715 1159 972 1264 condidisse,
1008 1182 1054 1245 ut
1074 1162 1174 1276 ipsis

243 1315 272 1364 ιι
302 1281 586 1372 exercentibus
617 1301 768 1366 terram
799 1300 839 1363 et
868 1280 996 1394 quieti
1038 1280 1175 1367 indul·

244 1436 271 1484 »
287 1401 492 1522 gentibus
526 1428 573 1484 ac
602 1400 808 1498 remissis,
838 1399 907 1483 ille
956 1431 1035 1516 pro
1077 1403 1171 1491 uni-

241 1551 267 1604 ιι
299 1521 428 1607 versis
458 1515 630 1606 subditis
664 1519 866 1604 militaret.

300 1641 412 1724 XIX.
438 1674 465 1723 ιι
485 1635 690 1724 Perfecit
677 1639 803 1754 igitur
831 1639 982 1776 partim
1012 1643 1171 1756 experi-

241 1797 268 1844 »
300 1761 447 1846 mentis
468 1781 508 1845 et
527 1757 797 1846 ostentatione
815 1758 995 1860 virtutis,
1020 1763 1169 1875 partim

241 1916 269 1965 ιι
298 1879 456 1964 ratione
475 1882 630 1996 pariter
650 1901 691 1962 et
710 1881 895 1966 oratione
921 1881 1113 1995 prudenti
1134 1899 1171 1960 (1

240 2037 267 2084 ιι
299 2021 345 2085 ut
363 2001 599 2086 nonsolum
628 2029 774 2113 parere
805 2029 845 2082 et
831 1999 1087 2086 libentibus
1116 1997 1169 2085 ιιι

239 2155 267 2204 ιι
298 2120 510 2236 Aegyptiis
532 2137 593 2220 tu,
613 2149 757 2205 verum
777 2119 900 2202 etiam
927 2121 980 2203 ad
999 2149 1048 2204 ea
1064 2150 1167 2236 pen·

241 2275 268 2324 ιι
300 2242 433 2324 denda
462 2269 748 2355 quaecumque
782 2238 866 2325 sint
881 2317 885 2326 .
898 2240 1065 2354 regibus
1094 2271 1168 2324 ne-

241 2395 269 2444 ιι
301 2358 475 2445 cessaria
518 2357 656 2446 faciles
699 2359 857 2445 animos
902 2361 1083 2444 habeant
1124 2382 1166 2446 et

240 2515 268 2563 ιι
299 2482 558 2684 volffiatem.
591 2480 740 2566 Vident
761 2479 938 2593 denique
957 2501 1109 2594 quanta
1129 2496 1164 2562 ‹e›

238 2634 266 2683 ιι
295 2602 362 2716 pri
485 2600 668 2684 omnium
699 2602 809 2714 apud
828 2602 1060 2716 Aegyptum
1088 2602 1167 2688 im-

126 2787 136 2808 .
235 2755 262 2804 ιι
293 2720 400 2836 perii
417 2718 492 2803 sui
522 2721 664 2804 iecerit
679 2735 716 2799 tu
734 2719 1009 2806 fundamenta.
1040 2723 1166 2826 Quod

237 2873 263 2924 ιι
294 2841 404 2926 enim
434 2841 634 2926 exercitlls
664 2839 778 2926 milia
807 2843 907 2926 urbs
955 2839 1026 2923 illa
1055 2841 1165 2925 alere

236 2995 264 3045 ιι
292 2962 422 3077 possit
449 2962 562 3044 haud
597 2960 768 3045 dubium
799 2982 891 3048 est:
933 2988 1069 3072 neque
1097 2961 1164 3048 his

236 3113 264 3164 ιι
294 3083 419 3166 modo
448 3075 658 3166 sufficiens
683 3109 789 3192 quae
819 3079 1036 3166 moenibus
1078 3078 1164 3165 suis

237 3235 264 3284 ιι
297 3223 418 3313 atque
448 3199 609 3314 gremio
638 3222 874 3301 teneantur,
918 3200 991 3284 sed
1019 3201 1165 3313 procul
1201 3201 1209 3218 ⁴

237 3353 267 3402 ιι
294 3321 417 3403 etiam
461 3319 742 3405 laborantibus
788 3342 829 3405 et
878 3319 1162 3406 dimicantibus

234 3472 262 3522 ιι
294 3439 444 3568 idonea
474 3437 735 3528 sustentatrix
764 3469 850 3526 una
867 3442 967 3529 viris
998 3469 1163 3554 unaque

234 3659 535 3785 αξέιιιμιι..
500 3661 997 3731 ..(ιιοωΜΑΜΜωοη,
984 3677 1161 3730 .......,..

274 3906 317 3976 (1)
337 3901 442 3958 Recole
460 3903 514 3960 lib.
535 3902 559 3959 1.
580 3917 793 3977 numum.
