3109 4934
565 540 640 616 SEV
667 537 796 614 LIBER
819 543 847 613 1.
1123 540 1168 609 53

248 685 296 776 ic
315 687 480 790 'v'astat⁹
527 688 747 776 indiscrete
777 712 813 765 ιι)
857 691 951 774 satis
992 691 1170 774 sexubus

98 819 222 886 1²*Moru
249 835 291 940 et
310 812 561 934 aetatibus
549 812 813 924 mteremptis
842 814 945 894 Tres
980 835 1079 892 vero
1108 810 1173 894 vi·

246 924 351 1033 coe,
382 961 560 1057 quorum
591 931 688 1014 navi
718 929 868 1012 auxilio
912 931 963 1012 ad
1006 957 1173 1040 operam

244 1051 432 1136 bellicam
462 1081 559 1136 usus
591 1065 709 1149 erat,
758 1052 812 1133 ad
850 1047 1173 1162 magnitudinem

244 1169 555 1284 confrequentat
590 1170 738 1270 urbis,
780 1169 1059 1284 Tripolimque
1100 1197 1172 1285 ap

240 1288 384 1406 pellari
415 1289 530 1374 iubet
558 1312 604 1373 (ι).
1169 1326 1181 1336 ’

75 1435 133 1480 ιι..
135 1437 152 1483 ιι
188 1438 227 1484 ιιι.
299 1411 425 1494 XLII.
462 1409 597 1526 Tyriis
639 1441 736 1526 ergo
778 1431 980 1526 satrapam
1019 1405 1168 1544 praeli-

42 1513 99 1548 m*
45 1508 227 1622 „w
242 1531 326 1633 cit,
357 1553 479 1644 atque
509 1529 607 1616 inde
634 1532 796 1648 Syriam
815 1562 992 1648 pergens
1022 1526 1171 1644 accipit

242 1652 401 1736 litteras
431 1650 552 1734 Darii
571 1649 748 1738 Persae
736 1678 783 1734 ιιι
800 1655 911 1736 hanc
931 1649 1174 1736 sententiam

242 1769 427 1887 scriptas.
463 1773 596 1854 «Rex
615 1801 762 1887 regum
783 1793 824 1854 et
839 1769 1172 1886 consanguineus

241 1924 268 1972 ι)
302 1893 493 1974 Deorum
506 1889 808 2006 ,consessorque
825 1913 860 1967 (ὃ)
889 1891 971 1978 Dei
995 1890 1173 1976 Mithrae

238 2037 265 2090 >t
300 2019 464 2124 unaque
495 2007 631 2096 oriens
663 2041 757 2096 cum
786 2012 871 2098 sole
900 2013 1052 2098 Darius
1081 2007 1171 2124 ipse

240 2161 268 2212 ιι
300 2131 533 2216 Alexandro
563 2127 716 2215 famulo
737 2161 831 2216 meo
851 2131 974 2216 iubeo
994 2129 1170 2244 dicoque

211 2333 215 2341 ,
239 2279 267 2330 ι)
297 2253 400 2336 haec
420 2273 467 2334 ot.
496 2251 650 2337 Mando
669 2251 745 2338 tibi
765 2251 920 2339 reverti
946 2253 999 2336 ad
1023 2268 1171 2367 paren-

237 2399 265 2451 »
300 2391 359 2456 tes
390 2391 481 2456 tuos
514 2367 687 2457 famulos
707 2371 864 2458 scilicet
881 2403 1019 2473 meos,
1049 2392 1171 2484 atque

238 2524 266 2574 ιι
299 2490 385 2576 illic
414 2490 459 2573 in
489 2492 648 2604 gremio
678 2492 822 2580 matris
852 2498 1071 2581 cubantem
1096 2493 1171 2575 do-

236 2637 264 2692 »
299 2611 386 2697 ceri
418 2609 540 2696 virile
587 2607 780 2696 officium.
833 2614 899 2697 Ad
930 2643 1054 2728 qnam
1081 2640 1172 2696 rem

236 2761 265 2811 »
295 2733 501 2816 habenam
522 2731 747 2846 scythicam
777 2731 855 2817 tibi
884 2755 925 2816 et
952 2735 1079 2848 pilam
1108 2732 1171 2813 lo-

235 2881 263 2929 ιι
296 2851 490 2963 culosque
521 2881 617 2935 cum
655 2853 791 2937 aureis
826 2851 949 2936 misi:
995 2879 1173 2968 quorum

268 3077 303 3130 (a)
319 3039 380 3121 Coe.
397 3075 523 3122 indiscrete.
541 3075 575 3131 (ll
592 3075 652 3121 cos.
670 3091 796 3123 consensor.

270 3213 315 3291 (i)
334 3225 430 3280 Aliam
441 3225 550 3295 passim
562 3225 718 3298 geographi
735 3225 941 3298 appellationis
953 3227 1041 3281 huius
1056 3244 1172 3282 cassan

233 3315 378 3370 narrent,
409 3318 511 3371 nempe
531 3303 609 3372 qnod
631 3321 665 3356 ea
686 3305 759 3360 urbs
781 3303 927 3358 coaluerit
956 3321 993 3359 ex
1012 3304 1100 3358 trium
1120 3321 1176 3373 po·

235 3377 371 3448 pulcrum
392 3377 517 3432 coloniis
548 3379 746 3450 mdiorum,
778 3379 965 3436 Sidoniorum
995 3394 1083 3454 atque
1116 3380 1176 3457 'ry-

236 3457 360 3510 riorum.

273 3533 317 3599 (ι)
337 3531 385 3584 Sic
405 3541 436 3584 et
455 3532 531 3602 apud
551 3529 734 3588 Ammianum
754 3547 829 3589 xrtt.
849 3531 877 3589 5.
898 3537 957 3589 Rex
977 3555 1070 3610 regu·
1089 3541 1175 3615 Sopor

229 3610 369 3686 particeps
386 3607 504 3664 siderum
515 3611 630 3682 ‚frater
649 3609 719 3666 solis
738 3625 766 3666 et
785 3611 881 3679 lusos,
894 3613 1050 3669 coustantio
1066 3615 1175 3671 θιιιιιῑ

229 3687 317 3758 fratri
342 3703 396 3740 ιιιι
426 3687 547 3742 salutare
576 3687 611 3742 Et
639 3687 759 3760 quidem
789 3652 1042 3745 ambiliosissimos
1072 3691 1173 3746 titulos

235 3761 365 3832 epistolis
397 3763 537 3834 praeponi
569 3766 670 3824 solitos
699 3763 738 3820 a'h
769 3765 903 3822 asiaticis
934 3768 1051 3841 regibus
1080 3769 1173 3825 multo

235 3837 499 3910 exploratissimum
518 3853 569 3898 est
