3109 4934
589 524 668 596 SEV
693 525 871 598 LlBERI.
1149 532 1194 602 83

266 668 476 769 Maiugena,
489 632 644 756 Alcides
657 689 693 740 et
705 672 833 740 Pollux
850 670 1048 742 cestibusl·
1031 677 1064 732 ‘l
1072 693 1199 744 auctor

266 769 354 840 Arte
377 788 441 834 sua
459 763 593 835 Thebis
619 764 777 834 reditum
801 767 1012 860 cultumque
1037 767 1186 838 dedere

266 916 357 998 Hac
386 932 496 997 sorte
532 913 627 996 data
657 913 979 1025 opperiebantur
1011 913 1201 1000 Thebani
1293 982 1300 994 .

263 1031 402 1146 siquid
431 1033 512 1115 tale
542 1033 793 1148 proveniret

75 1183 258 1249 carnum
324 1151 507 1237 LXVIH.
535 1151 770 1238 Alexander
793 1179 894 1236 vero
920 1179 1022 1248 eum
1048 1151 1199 1236 Corin·

60 1261 144 1366 32?
167 1265 657 1384 ,ffissthumdevenissen
689 1301 863 1384 eamque
888 1269 1200 1389 occupavisset,

61 1405 138 1436 ⁰²¹⁰·
266 1391 370 1477 forte
386 1393 590 1476 acciderat
608 1391 833 1504 sollempne
854 1413 1063 1476 certamen
1076 1421 1198 1508 gym-

264 1513 406 1596 nicum·
409 1512 537 1628 apud
551 1511 645 1598 illos
664 1512 830 1627 agitati:
858 1513 970 1596 unde
990 1512 1201 1598 Corinthii
1266 1513 1276 1598 ⁰.

265 1659 431 1746 qnoque
466 1630 535 1720 uti
556 1631 715 1716 adesset
744 1652 867 1746 atque
897 1632 958 1716 illi
982 1632 1201 1718 certamini

264 1753 518 1866 praesideret
546 1779 799 1869 magnopere
818 1751 1087 1836 contendunt
1116 1753 1206 1835 An-

264 1871 354 1955 nuit
379 1871 510 1986 -igitur
538 1899 635 1954 rex:
683 1901 860 1985 cumque
888 1868 1090 1987 plurimos
1121 1899 1198 1986 pro

265 1991 413 2076 merito
443 1989 607 2077 coronis
628 1990 829 2105 donisque
847 1991 1090 2104 largissimis
1108 2019 1200 2074 mu

265 2133 506 2212 neraretur;
536 2111 757 2196 Thebanus
787 2109 981 2226 quidam,
1011 2110 1080 2194 cui
1106 2111 1201 2225 0157

265 2231 479 2316 tomachns
509 2257 661 2314 nomen
682 2251 808 2330 esset,
840 2249 1048 2316 conamen
1064 2229 1199 2314 luctae

265 2345 497 2463 profitetur,
516 2350 710 2462 idemque
729 2351 782 2434 de
803 2348 980 2436 cesdbus
998 2377 1199 2464 pugnam,

266 2467 1201 2586 atque1denudemupugillatum‹›:denique

197 2657 199 2662 .
264 2589 343 2673 tria
386 2590 464 2674 ista
505 2587 728 2674 certamina
758 2591 870 2678 idem
909 2585 1128 2704 profitetur
1157 2610 1200 2673 et

263 2707 382 2792 subit.
420 2709 530 2826 Ergo
566 2739 662 2794 cum
690 2710 874 2824 primum
900 2711 1096 2794 luctando
1125 2707 1199 2792 ad·

263 2829 447 2914 versario
494 2828 791 2944 praestitisset,
833 2843 1112 2941 coronamque
1141 2827 1201 2910 la·

219 2995 220 3000 ¹
265 2949 391 3034 boris·
408 2947 610 3062 exegisset
621 2993 642 3049 ,·
664 2950 780 3034 iubet
799 2947 1030 3034 Alexander
1062 2951 1201 3030 cetera

266 3095 431 3180 quoque
479 3071 659 3152 eundem
707 3069 824 3182 prius
875 3067 1046 3181 exsequi
1093 3091 1200 3179 quae

263 3185 540 3301 promisisset,
586 3215 774 3301 quaeque
816 3189 854 3273 si
894 3187 988 3302 pari
1032 3181 1200 3272 fortuna

266 3307 470 3391 obtineret
505 3306 611 3390 nihil
642 3307 828 3390 omnium
854 3304 946 3394 fore
976 3305 1089 3420 quod
1117 3305 1198 3390 sibi

263 3427 423 3537 petenti
466 3454 541 3508 rex
577 3446 758 3540 negaret.
794 3426 925 3541 Igitur
953 3455 1052 3510 usus
1082 3423 1197 3510 forti·

265 3543 409 3626 tudine
432 3565 554 3660 atque
573 3542 752 3643 fortuna,
782 3576 877 3630 cum
897 3566 1003 3631 esset
1022 3545 1198 3630 cestibus

297 3765 449 3820 (s)1raeod.
466 3775 606 3812 constrator
623 3764 676 3810 slus
685 3764 845 3828 diphthongo.
867 3766 903 3820 (l)
919 3765 956 3810 lh
972 3765 1026 3812 eod.
1057 3765 1106 3812 alsi
1121 3764 1196 3810 navis

264 3831 347 3880 uidem.
363 3837 398 3890 (c)
415 3835 451 3880 ltu
468 3833 520 3880 eud.
532 3842 669 3881 cursuum
687 3847 740 3878 ιιιιι
759 3834 849 3902 duabu!
866 3832 882 3880 ls
