3109 4934
393 563 456 632 150
634 557 891 630 uersuum
914 557 1074 628 ootuvs

387 741 414 792 ιι
445 687 554 792 irem
584 707 760 822 quisque
779 707 824 791 in
844 733 942 804 sua,
972 733 1052 788 nee
1076 703 1186 788 ultra
1207 705 1322 820 quic·

386 860 414 910 ιι
448 855 573 941 quam
620 827 671 910 de
708 827 911 913 victorum
945 821 1164 908 insolentia
1193 823 1322 939 trepi-

389 980 416 1029 ιι
449 949 620 1032 darent:
665 975 761 1030 cum
801 945 871 1028 illa
915 971 1084 1081 quoque
1115 971 1238 1028 causa
1268 945 1320 1026 ab

390 1099 417 1148 ιι
448 1065 733 1182 indignatione
789 1065 957 1150 victoris
1013 1093 1104 1150 sese
1177 1065 1321 1197 utique

387 1217 416 1268 ιι
448 1207 663 1286 tueretur,
708 1186 822 1322 quod
863 1181 1052 1298 plerique
1091 1181 1289 1268 soleant
1276 1211 1321 1264 m

389 1337 420 1386 ιι
450 1306 651 1390 ultionem
680 1305 832 1420 prioris
862 1303 1171 1388 contumeliae
1158 1301 1322 1412 insequi

393 1445 673 1540 ».superatos
717 1426 815 1508 Non
857 1421 968 1505 enim
1007 1423 1132 1508 lndos
1175 1423 1319 1534 culpae

392 1576 420 1626 ιι
448 1543 605 1630 illius
581 1567 616 1620 ιι
645 1571 737 1628 reos
780 1543 891 1656 apud
919 1571 964 1628 se
994 1539 1148 1642 irrisae,
1177 1567 1321 1626 verum

396 1697 423 1746 ιι
453 1666 604 1750 Porum
625 1663 697 1777 qui
720 1683 785 1748 sat
812 1661 893 1746 sibi
916 1691 1148 1778 poenarum
1179 1689 1261 1772 qua
1286 1677 1319 1736 ιιι

395 1811 423 1866 ιι
453 1785 521 1866 lex
550 1783 648 1867 belli
678 1779 838 1866 monuit
859 1780 1141 1897 praestitisset
1170 1781 1251 1865 Sed
1267 1807 1318 1862 ne

393 1933 420 1984 ιι
453 1901 533 2040 ipsi
563 1903 731 2016 quidem
760 1901 912 1986 ultra
897 1931 981 1987 ram
1024 1902 1154 1988 hostis
1194 1929 1320 1998 sum,

394 2055 421 2104 ιι
454 2023 521 2106 ait
574 2021 687 2130 Quin
734 2021 857 2108 etiam
903 2023 1051 2106 hortor
1076 2047 1319 2158 moneoque

396 2173 422 2224 ιι
452 2171 527 2226 vos
557 2143 620 2226 uti
648 2171 814 2258 regem,
857 2161 904 2226 ut
931 2139 992 2225 fas
1021 2141 1150 2256 exigit
1178 2159 1223 2222 et
1250 2168 1320 2224 vo·

394 2293 422 2342 ιι
452 2261 517 2346 bis
547 2263 672 2348 moris
702 2282 792 2361 est,
823 2261 1058 2374 sepulturae
1077 2259 1261 2344 'tuleratis
1278 2291 1318 2346 ιι.

243 2401 378 2448 »ns-..1
393 2381 458 2466 Ad
487 2382 590 2466 haec
621 2382 731 2468 dicta
760 2381 980 2468 Alexandri
1009 2411 1094 2466 non
1123 2399 1319 2466 cunctan-

207 2403 307 2584 llll
308 2469 377 2584 ii..
392 2521 457 2584 ter
497 2503 666 2620 quidem
707 2501 976 2614 adquieverat
1015 2499 1078 2587 vis
1113 2502 1317 2585 Indorum

206 2619 292 2666 ’'⁰⁸''
259 2615 309 2652 ⁸¹¹²
392 2621 615 2706 Sedenim
643 2622 879 2706 Alexandro
908 2651 995 2704 non
1038 2623 1192 2734 absque
1228 2618 1318 2704 utili

391 2737 590 2877 sapientia
619 2741 724 2825 haec
752 2739 958 2825 humilitas
987 2741 1185 2840 sederat,
1224 2767 1316 2822 cum

392 2880 434 2944 et
461 2859 545 2946 vim
586 2860 766 2946 indicam
796 2890 919 2975 saepe
955 2881 1150 2973 expertus
1178 2857 1316 2958 foret,

392 3002 434 3065 et
460 2982 659 3096 pleraque
700 2983 879 3097 praedae
916 3009 1061 3064 eorum
1102 3007 1207 3092 quae
1250 3010 1315 3063 se·
1377 2979 1383 2986 ’

391 3129 485 3200 cum
516 3104 692 3218 plurimo
723 3103 856 3217 gentis
900 3129 1000 3186 suae
1049 3127 1166 3184 more
1222 3099 1317 3184 Indi

392 3222 444 3303 ad
464 3222 669 3332 proelium
700 3225 885 3322 vehunt,
916 3209 966 3306 in
991 3251 1108 3306 suam
1135 3241 1315 3335 potesta·

391 3361 473 3422 tem
503 3339 626 3424 sciret
656 3371 744 3426 esse
775 3341 1012 3454 translapsa.

203 3469 314 3598 “3⁸⁸⁰
309 3467 377 3580 ἢ*
402 3459 533 3540 XVI.
549 3461 690 3564 Quare
705 3462 869 3544 domitis
887 3461 1073 3546 hostibus
1089 3481 1313 3573 avectaque

204 3551 332 3666 nihilo
309 3549 572 3690 ³⁸⁰·,praeda
600 3579 653 3662 ad
684 3581 1068 3692 Oxydracontaw,
1088 3609 1193 3694 quae
1213 3609 1313 3694 gens

418 3865 451 3915 (ql
463 3861 497 3906 lta
509 3859 564 3906 coel.
574 3857 616 3904 red
624 3857 726 3904 lomere
735 3856 863 3904 &seudu-
872 3853 946 3903 ullius.
957 3859 990 3917 (s)
1000 3861 1038 3907 lte
1046 3861 1101 3908 sod
1110 3858 1160 3906 ulei
1166 3858 1241 3906 wls
1248 3866 1312 3921 qut.

383 3935 414 3986 (ι)
432 3929 489 3975 cod.
511 3925 682 3991 osydrsssntss.
881 3953 894 3969 ..
