3109 4934
559 480 815 556 anaxarotu
1105 501 1150 576 49

218 627 467 716 subtendere
482 659 515 720 to
530 630 784 742 gignentium
794 626 941 713 frivola
955 629 1152 742 aridaque

224 747 451 858 constringi
472 777 596 862 quam
612 748 1043 847 maximeinvinculis
1064 779 1153 833 cre-

224 865 431 950 brioribus
478 869 613 952 docet.
657 868 735 950 His
787 868 945 980 quippe
987 870 1153 982 pactis,

224 988 431 1070 substratu
473 986 629 1071 levium
672 988 976 1096 densarumque
1012 988 1158 1073 itidem

222 1126 265 1190 et
297 1105 534 1218 superiecta
565 1105 901 1192 trabilacularum
928 1123 962 1180 u>
995 1109 1157 1192 calcata

221 1226 537 1309 tabulandarum
569 1253 729 1309 conexa
760 1246 794 1299 (τ)
825 1225 1156 1336 utrimquesecus

221 1343 390 1456 pellium
442 1366 684 1459 pragmenta
733 1373 853 1428 usum
894 1347 1048 1432 ratium
1089 1350 1155 1431 in·

222 1483 487 1576 tegraverant
510 1464 671 1576 sibique
692 1465 932 1578 pecorique.
961 1467 1011 1549 In
1042 1468 1156 1551 hunc

222 1582 392 1666 modum
422 1583 595 1667 sarcinis
628 1586 941 1696 transportatis,
971 1615 1057 1667 non
1088 1615 1157 1669 su·

220 1701 503 1814 perstantibus
529 1723 690 1788 tantum
719 1702 804 1788 fida
822 1703 1050 1803 militibus,
1083 1707 1157 1788 sed

223 1822 468 1924 annantibus
493 1853 658 1937 quoque
681 1822 934 1922 animandis,
966 1824 1002 1905 si
1034 1826 1156 1908 statio

221 1941 477 2044 horruisset,
503 1945 697 2058 opinione
718 1941 878 2032 facilior
896 1943 1156 2028 transmissio

221 2057 325 2158 fuit,
357 2091 451 2146 cum
482 2093 561 2146 sen
584 2063 740 2148 stadiis.
757 2062 983 2146 latitudinis
1014 2065 1155 2147 alveus

224 2179 305 2262 Oxi
337 2182 467 2264 amnis
498 2203 670 2296 pateret.

162 2340 206 2372 e·-
282 2300 515 2384 LXXVIII.
534 2304 625 2386 Nec
642 2323 782 2390 tamen
799 2302 1016 2415 quisquam
1033 2333 1154 2388 ausus

46 2393 53 2405 ¹
87 2410 110 2440 '⁸
223 2418 421 2504 obsistere
457 2425 572 2506 est:
625 2421 725 2534 quin
775 2422 900 2506 etiam
944 2421 1155 2508 nuntiatur

221 2536 302 2621 iam
349 2539 537 2653 planiora
587 2539 873 2654 perinantibus
917 2559 954 2619 (ἢ
1000 2544 1153 2629 Besum

220 2655 281 2741 ibi
312 2672 347 2737 te>
377 2659 563 2745 vinctum
615 2688 639 2740 a
681 2659 765 2746 suis
809 2662 1018 2746 communi
1060 2693 1155 2777 pre-

221 2777 323 2860 tium
343 2781 488 2893 culpae
510 2779 666 2866 servari
686 2810 762 2895 pro
787 2782 879 2894 liis,
910 2784 1157 2895 quibuscum

222 2893 408 3012 fiagerat,
439 2928 570 2984 reum.
603 2899 743 3003 Quare
784 2901 896 2988 exim
926 2901 1005 2985 iter
1035 2901 1156 2985 solito

223 3015 441 3129 patientius
469 3038 502 3102 ‹t›
526 3017 636 3102 facit.
668 3019 954 3104 Ptolomaeum
985 3043 1019 3102 ω
1055 3048 1157 3105 vero

221 3136 324 3252 Lagi
353 3138 515 3252 praeire
532 3157 770 3250 susceptum
790 3139 1157 3252 Besumadseque
1230 3149 1233 3166 '

222 3259 451 3369 perducere
480 3256 711 3344 antemittit
730 3259 974 3357 Necmora,
994 3257 1156 3345 vinctus
1178 3366 1183 3374 δ

222 3407 1153 3462 --—7——-—.—

255 3491 290 3544 (a)
307 3487 366 3534 Coti.
387 3501 490 3549 pom
505 3502 554 3532 suot
566 3485 652 3549 pellet,
678 3488 757 3551 pullus
772 3485 980 3533 subministat
993 3489 1030 3533 eit.
1065 3487 1101 3545 (l)
1117 3489 1154 3535 ltu

223 3555 279 3599 eod.
296 3555 343 3601 niti
369 3565 406 3600 stt
429 3557 541 3602 mendum
570 3571 616 3613 pro
639 3554 813 3602 mliertlcm.
830 3557 867 3609 (ε)
884 3555 920 3599 lt·
936 3556 1052 3600 comem
1069 3569 1153 3602 naun·
1265 3587 1268 3590 -

224 3620 263 3680 (ἱ)
280 3623 317 3668 lta
342 3624 396 3669 eorl.
414 3623 514 3671 Videtur
526 3633 604 3668 entem
616 3623 768 3670 mribendnm
779 3622 978 3684 peregrinantibus
987 3632 1027 3669 ent
1032 3638 1154 3684 μνησι-

225 3689 292 3735 titas.
321 3689 352 3753 (e)
376 3691 435 3762 qu.
461 3693 506 3738 uli.
525 3689 564 3753 (f)
576 3691 636 3738 Cori.
656 3691 805 3753 patientum·
829 3694 865 3754 ω
881 3691 918 3736 lh
934 3693 988 3739 eorl.
1016 3701 1155 3739 censuum

224 3754 633 3816 eatamms‚noaaa1‹mu
1055 3835 1076 3894 4
1179 3773 1187 3780 “
