3109 4934
425 511 468 582 50
669 501 930 576 tranuntur
955 501 1099 574 ortvs

421 689 449 738 ιι
483 655 536 738 de
576 653 664 740 solo
706 648 874 768 genitali
917 649 1188 765 indIgebunt,
1233 653 1353 738 huin·

421 809 449 859 »
483 775 666 862 scemodi
701 802 726 857 a
750 770 971 857 fluentibus
990 791 1132 884 petant
1150 803 1192 852 s.
1224 773 1352 860 Hisce

422 896 540 983 dictis
570 893 698 1010 exigit
725 891 913 1010 protinus
942 893 996 976 ab
1039 890 1280 1005 Aegypti'n,
1309 917 1354 982 ut

421 1016 623 1132 quidquid
652 1015 754 1100 illud
778 1038 977 1150 pensuros
1006 1039 1051 1096 se
1079 1010 1209 1102 Dario
1234 1042 1351 1098 rece·

420 1139 611 1252 pisaeus,
657 1133 704 1218 id
756 1133 922 1220 sibimet
959 1129 1192 1218 inferrent.
1238 1137 1351 1246 quod

421 1257 590 1370 quidem
620 1285 671 1342 eo
701 1283 746 1340 te
796 1274 936 1366 petere
978 1271 1145 1337 testatus
1176 1271 1350 1338 estnon

421 1397 468 1461 ut
497 1375 645 1494 opibus
681 1373 763 1460 stus
793 1369 1022 1460 indidem
1008 1371 1252 1457 incrementi
1279 1375 1351 1458 ali

421 1495 522 1610 quid
550 1515 789 1611 pareretur,
815 1493 1030 1578 enimvero
1065 1513 1112 1578 ut
1159 1512 1350 1576 exnuen·

422 1617 499 1700 dae
528 1617 644 1701 urbis
673 1611 782 1698 foret
799 1612 1024 1698 substantia
1042 1611 1207 1728 largior.
1229 1613 1350 1701 Haud

421 1756 661 1823 cunctanter
689 1734 734 1818 in
754 1737 857 1818 hacc
878 1730 1068 1848 Aegyptii
1084 1738 1348 1836 obsecuntur,

420 1857 609 1969 datisque
628 1853 813 1969 pecuniis
834 1873 876 1937 et
885 1854 1088 1937 honorata
1104 1853 1347 1938 deductione

418 2007 494 2090 per
513 1975 720 2060 Pelusium
736 1994 1032 2092 properantem
1060 1973 1166 2061 votis
1196 1974 1348 2088 pariter

418 2116 460 2179 et
486 2125 588 2182 vero
617 2126 758 2182 amore
785 2115 1067 2210 prosecuntur
1324 2149 1328 2158 -

231 2241 338 2356 ⁴¹·ss
339 2237 402 2286 ··1··
477 2215 670 2302 XXXIX.
699 2213 895 2302 Rursus
882 2213 1010 2328 igitur
1036 2231 1206 2328 recepto
1236 2213 1349 2299 omni

295 2311 403 2424 „IIII
395 2337 602 2424 ’exercitu
632 2335 746 2420 etin
775 2331 952 2450 Syrias
939 2333 1087 2419 ttinere
1117 2333 1348 2472 destinato,

288 2455 336 2494 ²¹²⁶
415 2459 539 2540 urbes
569 2485 637 2540 eas
667 2484 742 2570 per
771 2483 874 2568 quas
902 2453 984 2540 sibi
1011 2453 1206 2540 transitus
1243 2451 1350 2541 Ioret

415 2574 573 2661 nomini
602 2605 677 2660 sno
714 2573 860 2676 addit;
900 2577 1011 2658 unde
1060 2573 1173 2659 mille
1225 2575 1349 2661 etiam

415 2721 510 2784 cum
551 2692 824 2812 cataphractis
864 2694 976 2780 viros
997 2692 1195 2808 accipit,
1235 2697 1349 2809 quod

391 2835 646 2902 -armaturae
675 2845 807 2931 genus
836 2815 1004 2900 orientis
1038 2814 1224 2901 inventio
1254 2839 1346 2900 est:

413 2967 461 3021 ac
491 2957 579 3020 tum
608 2939 765 3053 Tyrum
795 2935 973 3020 advenit
1001 2937 1081 3022 Sed
1101 2937 1212 3020 enim
1230 2935 1347 3052 Tyrii

410 3057 627 3142 moenibus
657 3054 856 3142 obseratis
891 3061 943 3142 ab
979 3055 1168 3170 ingressu
1203 3056 1346 3170 oppidi

412 3205 553 3261 arcere
578 3179 857 3262 Alexandrum
886 3173 1231 3276 obfirmaverant,
1260 3205 1346 3260 non

413 3316 650 3409 contemptu
670 3297 826 3383 scilicet
853 3293 1016 3384 virium
1033 3295 1136 3380 tanti
1164 3295 1344 3381 nominis

411 3415 486 3498 aed
527 3416 682 3499 oraculi
724 3412 938 3502 cuiusdam
977 3442 1213 3516 memores,
1259 3447 1341 3530 quo

412 3533 682 3636 docerentur,
712 3535 884 3649 quod
852 3565 888 3619 ει
916 3564 990 3620 rex
1008 3543 1156 3624 urbem
1174 3537 1341 3652 Tyriam

410 3651 594 3738 invectus
625 3683 719 3741 cum
748 3655 928 3740 exercitu
958 3657 1225 3756 transivisse,
1255 3653 1339 3740 for·

409 3791 508 3858 tuna
551 3774 712 3889 lapsum
757 3794 855 3860 tunc
902 3777 1054 3894 oppido
1105 3777 1338 3865 minaretur
