<?xml version="1.0" encoding="UTF-8"?>
<!DOCTYPE html PUBLIC "-//W3C//DTD XHTML 1.0 Transitional//EN"
    "http://www.w3.org/TR/xhtml1/DTD/xhtml1-transitional.dtd">
<html xmlns="http://www.w3.org/1999/xhtml" xml:lang="en" lang="en">
 <head>
  <title>
</title>
<meta http-equiv="Content-Type" content="text/html;charset=utf-8" />
  <meta name='ocr-system' content='tesseract 3.04.00' />
  <meta name='ocr-capabilities' content='ocr_page ocr_carea ocr_par ocr_line ocrx_word'/>
</head>
<body>
  <div class='ocr_page' id='page_1' title='image "./itinerariumalex00unkngoog/itinerariumalex00unkngoog_0150.png"; bbox 0 0 3109 4934; ppageno 0'>
   <div class='ocr_carea' id='block_1_1' title="bbox 370 508 1042 584">
    <p class='ocr_par' dir='ltr' id='par_1_1' title="bbox 370 508 1042 584">
     <span class='ocr_line' id='line_1_1' title="bbox 370 508 1042 584; baseline 0 0"><span class='ocrx_word' id='word_1_1' title='bbox 370 513 409 584; x_wconf 83' lang='lat'>16</span> <span class='ocrx_word' id='word_1_2' title='bbox 619 509 875 583; x_wconf 77' lang='lat' dir='ltr'><strong>ALEXANDRI</strong></span> <span class='ocrx_word' id='word_1_3' title='bbox 900 508 1042 584; x_wconf 75' lang='lat' dir='ltr'>ORTVS</span> 
     </span>
    </p>
   </div>
   <div class='ocr_carea' id='block_1_2' title="bbox 174 661 1300 3867">
    <p class='ocr_par' dir='ltr' id='par_1_2' title="bbox 364 661 1300 747">
     <span class='ocr_line' id='line_1_2' title="bbox 364 661 1300 747; baseline -0.001 -2"><span class='ocrx_word' id='word_1_4' title='bbox 364 697 391 745; x_wconf 92' lang='grc' dir='ltr'>ιι</span> <span class='ocrx_word' id='word_1_5' title='bbox 422 691 534 747; x_wconf 90' lang='lat' dir='ltr'>mors</span> <span class='ocrx_word' id='word_1_6' title='bbox 560 661 794 745; x_wconf 88' lang='lat' dir='ltr'>contristet:</span> <span class='ocrx_word' id='word_1_7' title='bbox 824 662 935 744; x_wconf 87' lang='lat' dir='ltr'>ultus</span> <span class='ocrx_word' id='word_1_8' title='bbox 955 661 1067 744; x_wconf 90' lang='lat' dir='ltr'>enim</span> <span class='ocrx_word' id='word_1_9' title='bbox 1088 681 1300 746; x_wconf 77' lang='lat' dir='ltr'>auctorem</span> 
     </span>
    </p>

    <p class='ocr_par' dir='ltr' id='par_1_3' title="bbox 362 781 1298 894">
     <span class='ocr_line' id='line_1_3' title="bbox 362 781 1298 894; baseline 0 -30"><span class='ocrx_word' id='word_1_10' title='bbox 362 817 389 865; x_wconf 91' lang='grc' dir='ltr'>ιι</span> <span class='ocrx_word' id='word_1_11' title='bbox 420 781 594 868; x_wconf 87' lang='lat' dir='ltr'>iniuriae</span> <span class='ocrx_word' id='word_1_12' title='bbox 626 781 758 864; x_wconf 90' lang='lat' dir='ltr'>libens</span> <span class='ocrx_word' id='word_1_13' title='bbox 791 801 994 894; x_wconf 88' lang='lat' dir='ltr'>oppetam.</span> <span class='ocrx_word' id='word_1_14' title='bbox 1030 783 1166 892; x_wconf 83' lang='lat' dir='ltr'>Atque</span> <span class='ocrx_word' id='word_1_15' title='bbox 1201 783 1298 866; x_wconf 91' lang='lat' dir='ltr'>ideo</span> 
     </span>
    </p>

    <p class='ocr_par' dir='ltr' id='par_1_4' title="bbox 361 899 1298 988">
     <span class='ocr_line' id='line_1_4' title="bbox 361 899 1298 988; baseline 0.002 -4"><span class='ocrx_word' id='word_1_16' title='bbox 361 933 390 984; x_wconf 89' lang='grc' dir='ltr'>ιι</span> <span class='ocrx_word' id='word_1_17' title='bbox 420 903 490 988; x_wconf 91' lang='lat' dir='ltr'>illa</span> <span class='ocrx_word' id='word_1_18' title='bbox 516 923 557 987; x_wconf 94' lang='lat' dir='ltr'>et</span> <span class='ocrx_word' id='word_1_19' title='bbox 582 931 694 988; x_wconf 90' lang='lat' dir='ltr'>nunc</span> <span class='ocrx_word' id='word_1_20' title='bbox 714 903 766 984; x_wconf 92' lang='lat' dir='ltr'>ab</span> <span class='ocrx_word' id='word_1_21' title='bbox 789 902 1024 986; x_wconf 85' lang='lat' dir='ltr'><strong>Hammone</strong></span> <span class='ocrx_word' id='word_1_22' title='bbox 1043 899 1153 986; x_wconf 87' lang='lat' dir='ltr'>dicta</span> <span class='ocrx_word' id='word_1_23' title='bbox 1172 903 1298 986; x_wconf 89' lang='lat' dir='ltr'>remi-</span> 
     </span>
    </p>

    <p class='ocr_par' dir='ltr' id='par_1_5' title="bbox 359 1018 1300 1138">
     <span class='ocr_line' id='line_1_5' title="bbox 359 1018 1300 1138; baseline -0.002 -34"><span class='ocrx_word' id='word_1_24' title='bbox 359 1055 390 1104; x_wconf 85' lang='grc' dir='ltr'>ιι</span> <span class='ocrx_word' id='word_1_25' title='bbox 421 1023 586 1122; x_wconf 77' lang='lat' dir='ltr'>uiscus,</span> <span class='ocrx_word' id='word_1_26' title='bbox 621 1049 727 1138; x_wconf 91' lang='lat' dir='ltr'>quae</span> <span class='ocrx_word' id='word_1_27' title='bbox 756 1041 856 1104; x_wconf 90' lang='lat' dir='ltr'>tuuc</span> <span class='ocrx_word' id='word_1_28' title='bbox 886 1018 1008 1106; x_wconf 82' lang='lat' dir='ltr'>matri</span> <span class='ocrx_word' id='word_1_29' title='bbox 1038 1040 1131 1105; x_wconf 83' lang='lat' dir='ltr'>tuae</span> <span class='ocrx_word' id='word_1_30' title='bbox 1153 1021 1300 1134; x_wconf 86' lang='lat' dir='ltr'>Olym-</span> 
     </span>
    </p>

    <p class='ocr_par' dir='ltr' id='par_1_6' title="bbox 363 1138 1300 1258">
     <span class='ocr_line' id='line_1_6' title="bbox 363 1138 1300 1258; baseline -0.001 -33"><span class='ocrx_word' id='word_1_31' title='bbox 363 1177 391 1225; x_wconf 91' lang='grc' dir='ltr'>ιι</span> <span class='ocrx_word' id='word_1_32' title='bbox 423 1142 535 1258; x_wconf 76' lang='lat' dir='ltr'>piacli</span> <span class='ocrx_word' id='word_1_33' title='bbox 555 1139 686 1225; x_wconf 89' lang='lat' dir='ltr'>filium</span> <span class='ocrx_word' id='word_1_34' title='bbox 703 1138 790 1224; x_wconf 85' lang='lat' dir='ltr'>fore</span> <span class='ocrx_word' id='word_1_35' title='bbox 814 1139 938 1224; x_wconf 83' lang='lat' dir='ltr'>tale‘m</span> <span class='ocrx_word' id='word_1_36' title='bbox 963 1141 1211 1255; x_wconf 79' lang='lat' dir='ltr'>praegnanti</span> <span class='ocrx_word' id='word_1_37' title='bbox 1236 1141 1300 1224; x_wconf 89' lang='lat' dir='ltr'>di-</span> 
     </span>
    </p>

    <p class='ocr_par' dir='ltr' id='par_1_7' title="bbox 257 1260 1297 1376">
     <span class='ocr_line' id='line_1_7' title="bbox 257 1260 1297 1376; baseline -0.001 -31"><span class='ocrx_word' id='word_1_38' title='bbox 257 1291 263 1298; x_wconf 89' lang='lat'><strong>·</strong></span> <span class='ocrx_word' id='word_1_39' title='bbox 363 1297 392 1346; x_wconf 87' lang='grc' dir='ltr'>ιι</span> <span class='ocrx_word' id='word_1_40' title='bbox 422 1281 567 1344; x_wconf 84' lang='lat' dir='ltr'>xerant</span> <span class='ocrx_word' id='word_1_41' title='bbox 591 1262 844 1376; x_wconf 88' lang='lat' dir='ltr'>parituram,</span> <span class='ocrx_word' id='word_1_42' title='bbox 864 1261 936 1373; x_wconf 89' lang='lat' dir='ltr'>qni</span> <span class='ocrx_word' id='word_1_43' title='bbox 955 1287 1041 1346; x_wconf 89' lang='lat' dir='ltr'>non</span> <span class='ocrx_word' id='word_1_44' title='bbox 1062 1260 1150 1346; x_wconf 89' lang='lat' dir='ltr'>eius</span> <span class='ocrx_word' id='word_1_45' title='bbox 1171 1263 1297 1344; x_wconf 88' lang='lat' dir='ltr'>modo</span> 
     </span>
    </p>

    <p class='ocr_par' dir='ltr' id='par_1_8' title="bbox 363 1379 1298 1494">
     <span class='ocr_line' id='line_1_8' title="bbox 363 1379 1298 1494; baseline -0.002 -29"><span class='ocrx_word' id='word_1_46' title='bbox 363 1416 392 1465; x_wconf 90' lang='grc' dir='ltr'>ιι</span> <span class='ocrx_word' id='word_1_47' title='bbox 423 1401 597 1464; x_wconf 86' lang='lat' dir='ltr'>assertor</span> <span class='ocrx_word' id='word_1_48' title='bbox 617 1401 748 1478; x_wconf 86' lang='lat' dir='ltr'>esset,</span> <span class='ocrx_word' id='word_1_49' title='bbox 773 1381 847 1464; x_wconf 89' lang='lat' dir='ltr'>sed</span> <span class='ocrx_word' id='word_1_50' title='bbox 867 1379 1021 1464; x_wconf 85' lang='lat' dir='ltr'>vindex</span> <span class='ocrx_word' id='word_1_51' title='bbox 1040 1409 1206 1492; x_wconf 90' lang='lat' dir='ltr'>quoque</span> <span class='ocrx_word' id='word_1_52' title='bbox 1226 1410 1298 1494; x_wconf 90' lang='lat' dir='ltr'>pa·</span> 
     </span>
    </p>

    <p class='ocr_par' dir='ltr' id='par_1_9' title="bbox 363 1497 1296 1586">
     <span class='ocr_line' id='line_1_9' title="bbox 363 1497 1296 1586; baseline -0.001 -1"><span class='ocrx_word' id='word_1_53' title='bbox 363 1533 391 1586; x_wconf 88' lang='grc' dir='ltr'>ιι</span> <span class='ocrx_word' id='word_1_54' title='bbox 421 1499 496 1584; x_wconf 88' lang='lat' dir='ltr'>tris</span> <span class='ocrx_word' id='word_1_55' title='bbox 516 1500 622 1583; x_wconf 90' lang='lat' dir='ltr'>foret</span> <span class='ocrx_word' id='word_1_56' title='bbox 639 1497 799 1584; x_wconf 89' lang='lat' dir='ltr'>futurus</span> <span class='ocrx_word' id='word_1_57' title='bbox 818 1532 857 1581; x_wconf 90' lang='lat'>».</span> <span class='ocrx_word' id='word_1_58' title='bbox 889 1501 1053 1583; x_wconf 88' lang='lat' dir='ltr'>Etcum</span> <span class='ocrx_word' id='word_1_59' title='bbox 1079 1501 1144 1584; x_wconf 87' lang='lat' dir='ltr'>his</span> <span class='ocrx_word' id='word_1_60' title='bbox 1176 1501 1296 1585; x_wconf 87' lang='lat' dir='ltr'>dictis</span> 
     </span>
    </p>

    <p class='ocr_par' dir='ltr' id='par_1_10' title="bbox 359 1617 1295 1736">
     <span class='ocr_line' id='line_1_10' title="bbox 359 1617 1295 1736; baseline -0.001 -30"><span class='ocrx_word' id='word_1_61' title='bbox 359 1621 548 1706; x_wconf 90' lang='lat' dir='ltr'>moritur.</span> <span class='ocrx_word' id='word_1_62' title='bbox 580 1618 761 1704; x_wconf 85' lang='lat' dir='ltr'>Curatur</span> <span class='ocrx_word' id='word_1_63' title='bbox 797 1621 924 1733; x_wconf 78' lang='lat' dir='ltr'>igitur</span> <span class='ocrx_word' id='word_1_64' title='bbox 953 1617 1150 1736; x_wconf 89' lang='lat' dir='ltr'>Philippo</span> <span class='ocrx_word' id='word_1_65' title='bbox 1178 1620 1295 1735; x_wconf 86' lang='lat' dir='ltr'>regia</span> 
     </span>
    </p>

    <p class='ocr_par' dir='ltr' id='par_1_11' title="bbox 358 1739 1296 1854">
     <span class='ocr_line' id='line_1_11' title="bbox 358 1739 1296 1854; baseline -0.001 -28"><span class='ocrx_word' id='word_1_66' title='bbox 358 1741 595 1854; x_wconf 83' lang='lat' dir='ltr'>sepultura,</span> <span class='ocrx_word' id='word_1_67' title='bbox 625 1739 669 1821; x_wconf 93' lang='lat' dir='ltr'>in</span> <span class='ocrx_word' id='word_1_68' title='bbox 695 1742 939 1824; x_wconf 86' lang='lat' dir='ltr'>memoriam</span> <span class='ocrx_word' id='word_1_69' title='bbox 960 1742 1153 1825; x_wconf 85' lang='lat' dir='ltr'>eiusdem</span> <span class='ocrx_word' id='word_1_70' title='bbox 1180 1743 1296 1825; x_wconf 91' lang='lat' dir='ltr'>omni</span> 
     </span>
    </p>

    <p class='ocr_par' dir='ltr' id='par_1_12' title="bbox 361 1857 1294 2066">
     <span class='ocr_line' id='line_1_12' title="bbox 361 1857 1294 1975; baseline 0 -29"><span class='ocrx_word' id='word_1_71' title='bbox 361 1857 607 1946; x_wconf 88' lang='lat' dir='ltr'>Macedonia</span> <span class='ocrx_word' id='word_1_72' title='bbox 637 1881 678 1942; x_wconf 87' lang='lat' dir='ltr'>et</span> <span class='ocrx_word' id='word_1_73' title='bbox 707 1858 866 1974; x_wconf 89' lang='lat' dir='ltr'>reliqua</span> <span class='ocrx_word' id='word_1_74' title='bbox 906 1857 1085 1942; x_wconf 85' lang='lat' dir='ltr'>Graecia</span> <span class='ocrx_word' id='word_1_75' title='bbox 1129 1861 1294 1975; x_wconf 90' lang='lat' dir='ltr'>conspi-</span> 
     </span>
     <span class='ocr_line' id='line_1_13' title="bbox 363 2002 941 2066; baseline -0.007 0"><span class='ocrx_word' id='word_1_76' title='bbox 363 2002 493 2066; x_wconf 86' lang='lat' dir='ltr'>rante.</span> <span class='ocrx_word' id='word_1_77' title='bbox 936 2036 941 2044; x_wconf 93' lang='lat'><em>-</em></span> 
     </span>
    </p>

    <p class='ocr_par' dir='ltr' id='par_1_13' title="bbox 174 2097 1293 2244">
     <span class='ocr_line' id='line_1_14' title="bbox 174 2097 1293 2244; baseline 0.004 -62.203"><span class='ocrx_word' id='word_1_78' title='bbox 174 2128 299 2244; x_wconf 56' lang='lat' dir='ltr'>mad</span> <span class='ocrx_word' id='word_1_79' title='bbox 300 2119 356 2238; x_wconf 46' lang='grc' dir='ltr'>ΕΓ</span> <span class='ocrx_word' id='word_1_80' title='bbox 422 2101 533 2182; x_wconf 88' lang='lat' dir='ltr'><strong>XIII.</strong></span> <span class='ocrx_word' id='word_1_81' title='bbox 566 2100 691 2184; x_wconf 92' lang='lat' dir='ltr'>Ubi</span> <span class='ocrx_word' id='word_1_82' title='bbox 678 2101 807 2216; x_wconf 76' lang='lat' dir='ltr'>igitur</span> <span class='ocrx_word' id='word_1_83' title='bbox 837 2101 965 2184; x_wconf 89' lang='lat' dir='ltr'>amoti</span> <span class='ocrx_word' id='word_1_84' title='bbox 1001 2097 1129 2184; x_wconf 90' lang='lat' dir='ltr'>animi</span> <span class='ocrx_word' id='word_1_85' title='bbox 1158 2101 1293 2186; x_wconf 90' lang='lat' dir='ltr'>homi·</span> 
     </span>
    </p>

    <p class='ocr_par' dir='ltr' id='par_1_14' title="bbox 176 2220 1294 2333">
     <span class='ocr_line' id='line_1_15' title="bbox 176 2220 1294 2333; baseline -0.003 -23"><span class='ocrx_word' id='word_1_86' title='bbox 174 2214 310 2376; x_wconf 52' lang='lat' dir='ltr'>lpas</span> <span class='ocrx_word' id='word_1_87' title='bbox 277 2276 355 2306; x_wconf 61' lang='lat'><em>00000</em></span> <span class='ocrx_word' id='word_1_88' title='bbox 362 2248 462 2304; x_wconf 91' lang='lat' dir='ltr'>num</span> <span class='ocrx_word' id='word_1_89' title='bbox 481 2220 569 2304; x_wconf 92' lang='lat' dir='ltr'>illa</span> <span class='ocrx_word' id='word_1_90' title='bbox 566 2250 710 2306; x_wconf 90' lang='lat' dir='ltr'>rerum</span> <span class='ocrx_word' id='word_1_91' title='bbox 741 2221 924 2305; x_wconf 84' lang='lat' dir='ltr'>novitate</span> <span class='ocrx_word' id='word_1_92' title='bbox 959 2221 1183 2333; x_wconf 85' lang='lat' dir='ltr'>quietiores</span> <span class='ocrx_word' id='word_1_93' title='bbox 1212 2221 1294 2307; x_wconf 89' lang='lat' dir='ltr'>visi</span> 
     </span>
    </p>

    <p class='ocr_par' dir='ltr' id='par_1_15' title="bbox 271 2329 1294 2454">
     <span class='ocr_line' id='line_1_16' title="bbox 271 2329 1294 2454; baseline 0.002 -31.195"><span class='ocrx_word' id='word_1_94' title='bbox 271 2329 450 2426; x_wconf 40' lang='lat' dir='ltr'>“sesae</span> <span class='ocrx_word' id='word_1_95' title='bbox 480 2359 736 2453; x_wconf 88' lang='lat' dir='ltr'>potuerunt,</span> <span class='ocrx_word' id='word_1_96' title='bbox 765 2341 928 2424; x_wconf 85' lang='lat' dir='ltr'>scandit</span> <span class='ocrx_word' id='word_1_97' title='bbox 957 2339 1189 2424; x_wconf 82' lang='lat' dir='ltr'>Alexander</span> <span class='ocrx_word' id='word_1_98' title='bbox 1219 2371 1294 2454; x_wconf 90' lang='lat' dir='ltr'>pa-</span> 
     </span>
    </p>

    <p class='ocr_par' dir='ltr' id='par_1_16' title="bbox 353 2479 1297 2576">
     <span class='ocr_line' id='line_1_17' title="bbox 353 2479 1297 2576; baseline 0.002 -33"><span class='ocrx_word' id='word_1_99' title='bbox 353 2483 504 2543; x_wconf 82' lang='lat' dir='ltr'>ternae</span> <span class='ocrx_word' id='word_1_100' title='bbox 534 2479 690 2544; x_wconf 83' lang='lat' dir='ltr'>statuae</span> <span class='ocrx_word' id='word_1_101' title='bbox 731 2481 996 2576; x_wconf 84' lang='lat' dir='ltr'>suggestum,</span> <span class='ocrx_word' id='word_1_102' title='bbox 1042 2479 1084 2542; x_wconf 89' lang='lat' dir='ltr'>et</span> <span class='ocrx_word' id='word_1_103' title='bbox 1124 2481 1297 2576; x_wconf 87' lang='lat' dir='ltr'>propter</span> 
     </span>
    </p>

    <p class='ocr_par' dir='ltr' id='par_1_17' title="bbox 360 2579 1296 2665">
     <span class='ocr_line' id='line_1_18' title="bbox 360 2579 1296 2665; baseline 0.002 -2"><span class='ocrx_word' id='word_1_104' title='bbox 360 2579 471 2663; x_wconf 87' lang='lat' dir='ltr'>illam</span> <span class='ocrx_word' id='word_1_105' title='bbox 502 2581 692 2663; x_wconf 83' lang='lat' dir='ltr'>assistens</span> <span class='ocrx_word' id='word_1_106' title='bbox 723 2581 909 2663; x_wconf 91' lang='lat' dir='ltr'>adhaec</span> <span class='ocrx_word' id='word_1_107' title='bbox 952 2582 1081 2664; x_wconf 89' lang='lat' dir='ltr'>verba</span> <span class='ocrx_word' id='word_1_108' title='bbox 1129 2581 1296 2665; x_wconf 91' lang='lat' dir='ltr'>concio-</span> 
     </span>
    </p>

    <p class='ocr_par' dir='ltr' id='par_1_18' title="bbox 360 2695 1295 2814">
     <span class='ocr_line' id='line_1_19' title="bbox 360 2695 1295 2814; baseline 0.003 -32"><span class='ocrx_word' id='word_1_109' title='bbox 360 2720 504 2784; x_wconf 89' lang='lat' dir='ltr'>natur:</span> <span class='ocrx_word' id='word_1_110' title='bbox 522 2729 549 2778; x_wconf 89' lang='lat'>«</span> <span class='ocrx_word' id='word_1_111' title='bbox 579 2699 618 2780; x_wconf 92' lang='grc' dir='ltr'>Ο</span> <span class='ocrx_word' id='word_1_112' title='bbox 648 2698 785 2782; x_wconf 88' lang='lat' dir='ltr'>Pellae</span> <span class='ocrx_word' id='word_1_113' title='bbox 834 2695 971 2814; x_wconf 88' lang='lat' dir='ltr'>proles</span> <span class='ocrx_word' id='word_1_114' title='bbox 1013 2721 1056 2782; x_wconf 94' lang='lat' dir='ltr'>et</span> <span class='ocrx_word' id='word_1_115' title='bbox 1098 2703 1295 2799; x_wconf 84' lang='lat' dir='ltr'>Macedo·</span> 
     </span>
    </p>

    <p class='ocr_par' dir='ltr' id='par_1_19' title="bbox 360 2819 1295 2934">
     <span class='ocr_line' id='line_1_20' title="bbox 360 2819 1295 2934; baseline 0.006 -36"><span class='ocrx_word' id='word_1_116' title='bbox 360 2849 388 2899; x_wconf 92' lang='grc' dir='ltr'>ιι</span> <span class='ocrx_word' id='word_1_117' title='bbox 418 2848 518 2902; x_wconf 91' lang='lat' dir='ltr'>num</span> <span class='ocrx_word' id='word_1_118' title='bbox 530 2838 571 2902; x_wconf 94' lang='lat' dir='ltr'>et</span> <span class='ocrx_word' id='word_1_119' title='bbox 584 2819 897 2903; x_wconf 78' lang='lat' dir='ltr'>Atheniensium</span> <span class='ocrx_word' id='word_1_120' title='bbox 909 2820 1183 2934; x_wconf 81' lang='lat' dir='ltr'>Corinthique</span> <span class='ocrx_word' id='word_1_121' title='bbox 1198 2850 1295 2934; x_wconf 90' lang='lat' dir='ltr'>pro·</span> 
     </span>
    </p>

    <p class='ocr_par' dir='ltr' id='par_1_20' title="bbox 242 2938 1294 3058">
     <span class='ocr_line' id='line_1_21' title="bbox 242 2938 1294 3058; baseline 0.005 -39"><span class='ocrx_word' id='word_1_122' title='bbox 242 3051 245 3058; x_wconf 12' lang='lat' dir='ltr'>y</span> <span class='ocrx_word' id='word_1_123' title='bbox 358 2971 386 3020; x_wconf 93' lang='grc' dir='ltr'>ιι</span> <span class='ocrx_word' id='word_1_124' title='bbox 420 2939 558 3054; x_wconf 85' lang='lat' dir='ltr'>genies</span> <span class='ocrx_word' id='word_1_125' title='bbox 608 2959 921 3053; x_wconf 89' lang='lat' dir='ltr'>ceterarumque</span> <span class='ocrx_word' id='word_1_126' title='bbox 956 2938 1157 3024; x_wconf 86' lang='lat' dir='ltr'>Graeciae</span> <span class='ocrx_word' id='word_1_127' title='bbox 1191 2970 1294 3056; x_wconf 83' lang='lat' dir='ltr'>gen·</span> 
     </span>
    </p>

    <p class='ocr_par' dir='ltr' id='par_1_21' title="bbox 360 3061 1290 3196">
     <span class='ocr_line' id='line_1_22' title="bbox 360 3061 1290 3196; baseline 0.002 -54"><span class='ocrx_word' id='word_1_128' title='bbox 360 3093 386 3142; x_wconf 88' lang='lat'>»</span> <span class='ocrx_word' id='word_1_129' title='bbox 420 3062 524 3144; x_wconf 92' lang='lat' dir='ltr'>tium</span> <span class='ocrx_word' id='word_1_130' title='bbox 554 3061 757 3160; x_wconf 87' lang='lat' dir='ltr'>nomina,</span> <span class='ocrx_word' id='word_1_131' title='bbox 794 3083 957 3196; x_wconf 88' lang='lat' dir='ltr'>tempus</span> <span class='ocrx_word' id='word_1_132' title='bbox 998 3082 1062 3143; x_wconf 88' lang='lat' dir='ltr'>est</span> <span class='ocrx_word' id='word_1_133' title='bbox 1105 3061 1290 3176; x_wconf 88' lang='lat' dir='ltr'>quisquis</span> 
     </span>
    </p>

    <p class='ocr_par' dir='ltr' id='par_1_22' title="bbox 360 3179 1293 3294">
     <span class='ocr_line' id='line_1_23' title="bbox 360 3179 1293 3294; baseline 0.002 -32"><span class='ocrx_word' id='word_1_134' title='bbox 360 3215 386 3262; x_wconf 94' lang='grc' dir='ltr'>ιι</span> <span class='ocrx_word' id='word_1_135' title='bbox 420 3181 654 3265; x_wconf 85' lang='lat' dir='ltr'>Alexandro</span> <span class='ocrx_word' id='word_1_136' title='bbox 684 3209 773 3264; x_wconf 89' lang='lat' dir='ltr'>sese</span> <span class='ocrx_word' id='word_1_137' title='bbox 805 3179 942 3294; x_wconf 87' lang='lat' dir='ltr'>cupiat</span> <span class='ocrx_word' id='word_1_138' title='bbox 989 3179 1202 3282; x_wconf 86' lang='lat' dir='ltr'>militare,</span> <span class='ocrx_word' id='word_1_139' title='bbox 1243 3201 1293 3264; x_wconf 91' lang='lat' dir='ltr'>ut</span> 
     </span>
    </p>

    <p class='ocr_par' dir='ltr' id='par_1_23' title="bbox 358 3300 1291 3386">
     <span class='ocr_line' id='line_1_24' title="bbox 358 3300 1291 3386; baseline 0.002 -8"><span class='ocrx_word' id='word_1_140' title='bbox 358 3333 385 3379; x_wconf 82' lang='lat'>»</span> <span class='ocrx_word' id='word_1_141' title='bbox 419 3301 575 3385; x_wconf 89' lang='lat' dir='ltr'>scilicet</span> <span class='ocrx_word' id='word_1_142' title='bbox 602 3329 713 3384; x_wconf 90' lang='lat' dir='ltr'>nunc</span> <span class='ocrx_word' id='word_1_143' title='bbox 742 3329 896 3384; x_wconf 90' lang='lat' dir='ltr'>nomen</span> <span class='ocrx_word' id='word_1_144' title='bbox 925 3300 1061 3386; x_wconf 90' lang='lat' dir='ltr'>labori</span> <span class='ocrx_word' id='word_1_145' title='bbox 1105 3300 1291 3385; x_wconf 90' lang='lat' dir='ltr'>fateatur.</span> 
     </span>
    </p>

    <p class='ocr_par' dir='ltr' id='par_1_24' title="bbox 358 3419 1289 3535">
     <span class='ocr_line' id='line_1_25' title="bbox 358 3419 1289 3535; baseline 0.009 -38"><span class='ocrx_word' id='word_1_146' title='bbox 358 3449 385 3497; x_wconf 89' lang='grc' dir='ltr'>ιι·</span> <span class='ocrx_word' id='word_1_147' title='bbox 418 3421 466 3499; x_wconf 90' lang='lat' dir='ltr'>In</span> <span class='ocrx_word' id='word_1_148' title='bbox 495 3449 565 3503; x_wconf 87' lang='lat' dir='ltr'>eos</span> <span class='ocrx_word' id='word_1_149' title='bbox 595 3420 747 3535; x_wconf 88' lang='lat' dir='ltr'>quippe</span> <span class='ocrx_word' id='word_1_150' title='bbox 777 3419 1045 3505; x_wconf 89' lang='lat' dir='ltr'>militabimus</span> <span class='ocrx_word' id='word_1_151' title='bbox 1071 3424 1289 3519; x_wconf 86' lang='lat' dir='ltr'>barbaros,</span> 
     </span>
    </p>

    <p class='ocr_par' dir='ltr' id='par_1_25' title="bbox 350 3539 1290 3652">
     <span class='ocr_line' id='line_1_26' title="bbox 350 3539 1290 3652; baseline 0.009 -36"><span class='ocrx_word' id='word_1_152' title='bbox 350 3570 387 3617; x_wconf 85' lang='grc' dir='ltr'>-ιι</span> <span class='ocrx_word' id='word_1_153' title='bbox 418 3539 595 3648; x_wconf 87' lang='lat' dir='ltr'>quinos</span> <span class='ocrx_word' id='word_1_154' title='bbox 625 3540 871 3652; x_wconf 89' lang='lat' dir='ltr'>iampridem</span> <span class='ocrx_word' id='word_1_155' title='bbox 912 3567 984 3640; x_wconf 90' lang='lat' dir='ltr'>re,</span> <span class='ocrx_word' id='word_1_156' title='bbox 1033 3567 1147 3624; x_wconf 87' lang='lat' dir='ltr'>nuno</span> <span class='ocrx_word' id='word_1_157' title='bbox 1186 3569 1290 3624; x_wconf 89' lang='lat' dir='ltr'>vero</span> 
     </span>
    </p>

    <p class='ocr_par' dir='ltr' id='par_1_26' title="bbox 360 3657 1294 3860">
     <span class='ocr_line' id='line_1_27' title="bbox 360 3657 1294 3860; baseline 0.005 -122"><span class='ocrx_word' id='word_1_158' title='bbox 360 3687 384 3738; x_wconf 89' lang='grc' dir='ltr'>ιι</span> <span class='ocrx_word' id='word_1_159' title='bbox 418 3657 787 3860; x_wconf 56' lang='lat' dir='ltr'>spoliarepergunt</span> <span class='ocrx_word' id='word_1_160' title='bbox 806 3659 929 3742; x_wconf 87' lang='lat' dir='ltr'>etiam</span> <span class='ocrx_word' id='word_1_161' title='bbox 946 3659 1143 3744; x_wconf 85' lang='lat' dir='ltr'>libertate.</span> <span class='ocrx_word' id='word_1_162' title='bbox 1157 3661 1294 3774; x_wconf 75' lang='lat' dir='ltr'>Igitur·</span> 
     </span>
    </p>

    <p class='ocr_par' dir='ltr' id='par_1_27' title="bbox 358 3777 1296 3867">
     <span class='ocr_line' id='line_1_28' title="bbox 358 3777 1296 3867; baseline 0.012 -13"><span class='ocrx_word' id='word_1_163' title='bbox 358 3809 387 3855; x_wconf 87' lang='grc' dir='ltr'>ιι</span> <span class='ocrx_word' id='word_1_164' title='bbox 417 3804 556 3862; x_wconf 89' lang='lat' dir='ltr'>eamus</span> <span class='ocrx_word' id='word_1_165' title='bbox 617 3807 738 3864; x_wconf 86' lang='lat' dir='ltr'>ucere</span> <span class='ocrx_word' id='word_1_166' title='bbox 768 3777 813 3861; x_wconf 93' lang='lat' dir='ltr'>in</span> <span class='ocrx_word' id='word_1_167' title='bbox 856 3778 1095 3867; x_wconf 86' lang='lat' dir='ltr'>servitutem</span> <span class='ocrx_word' id='word_1_168' title='bbox 1130 3783 1296 3867; x_wconf 89' lang='lat' dir='ltr'>Persas.-</span> 
     </span>
    </p>
   </div>
   <div class='ocr_carea' id='block_1_3' title="bbox 0 0 1560 4934">
    <p class='ocr_par' dir='ltr' id='par_1_28' title="bbox 0 0 1560 4934">
     <span class='ocr_line' id='line_1_29' title="bbox 0 0 1560 4934; baseline 0 3"><span class='ocrx_word' id='word_1_169' title='bbox 0 0 1560 4934; x_wconf 95' lang='lat' dir='ltr'> </span> 
     </span>
    </p>
   </div>
  </div>
 </body>
</html>
