3109 4934
408 503 451 580 52
661 505 917 579 attexantur
943 505 1086 578 ORTVS

408 655 638 742 »iactatio
670 654 963 770 Transgrediar
992 656 1104 738 mim
1140 653 1337 770 oppidum

405 809 433 858 n
463 797 644 862 vestrum
663 777 734 860 sed
756 776 936 860 dirutum
966 798 1089 888 atque
1111 774 1339 861 disiecmm.

405 928 432 977 n
463 895 605 980 Valete
636 896 672 982 si
703 893 873 1010 eapitis:
903 923 987 978 uon
1017 895 1127 978 enim
1147 895 1336 982 valebitis

405 1049 433 1099 ›>
465 1015 499 1099 ri
529 1014 797 1130 perseveratis
827 1045 866 1101 u.

462 1137 567 1220 XLI.
599 1137 673 1220 His
704 1135 847 1217 litteris
867 1133 983 1218 lectis
1009 1132 1106 1248 tyrii
1135 1133 1333 1248 primates

238 1237 294 1284 '‘¹''
404 1259 559 1372 legatos
593 1254 777 1372 protinus
809 1254 962 1367 corripi
992 1253 1161 1353 iubent,
1192 1253 1334 1366 eisque

405 1376 583 1460 multatis
629 1394 817 1489 ¹pergunt
865 1373 1028 1490 exigere
1077 1373 1334 1476 tormentis,

405 1495 595 1609 quisnam
625 1523 767 1577 eorum
815 1493 903 1609 ipse
954 1495 1184 1578 Alexander
1213 1490 1329 1580 foret.

405 1617 486 1700 Sed
528 1618 706 1714 dehoc,
756 1633 803 1697 ut
845 1643 912 1700 res
955 1634 1059 1714 erat,
1105 1613 1333 1726 rogitantes

405 1735 595 1822 crucibus
626 1732 815 1818 adfixere.
845 1736 920 1818 His
950 1733 1077 1848 igitur
1111 1732 1331 1818 incentivis

403 1857 660 1940 extimulatae
691 1855 919 1938 Alexander
948 1853 1222 1965 irruptionem
1251 1882 1326 1966 op-

395 1976 489 2088 pidi
517 1977 650 2060 acrius
681 1975 888 2090 agitabam
908 1995 949 2056 et
966 2002 1109 2058 rursus
1139 1973 1184 2055 in
1217 2001 1326 2055 som·

400 2094 470 2178 nio
507 2097 697 2180 Saturum
728 2117 763 2167 ω
794 2094 1053 2208 conspicatur
1084 2121 1219 2178 assem
1245 2091 1327 2176 sibi

400 2215 555 2328 Tyrum
585 2235 622 2290 ‹2›
650 2213 954 2331 porrigentem,
984 2242 1160 2324 eumque
1189 2211 1329 2325 proie-

402 2354 513 2420 ctum
556 2365 647 2420 sese
691 2334 868 2450 pedibus
917 2331 1163 2450 protrivisse.
1205 2332 1330 2434 Quod

398 2454 687 2570 interpretibus
708 2455 820 2538 haud
849 2451 1012 2538 difficile
1042 2454 1087 2538 in
1108 2453 1326 2534 enodando

397 2571 485 2658 fuit.
515 2577 670 2689 Tyrum
691 2572 800 2657 enim
831 2573 988 2686 proteri
1023 2601 1119 2656 mox
1149 2569 1327 2688 pedibus

397 2695 542 2779 haberi
590 2693 786 2810 principis
836 2695 1094 2807 respondere.
1137 2695 1198 2778 Ex
1241 2720 1327 2804 quo

395 2814 482 2902 sive
512 2815 723 2900 admonitu
752 2815 839 2902 sive
865 2815 1020 2927 impetu
1050 2843 1125 2897 suo
1156 2812 1325 2928 adgres-

397 2967 464 3021 sus
495 2935 691 3052 oppidum
720 2934 1004 3021 vehementius
1035 2931 1145 3047 capit
1170 2933 1329 3048 pariter

433 3263 474 3328 (r)
494 3259 601 3332 Nempe
622 3263 744 3335 Satyrum
764 3260 806 3314 uti
825 3273 870 3315 est
889 3258 968 3330 apud
988 3257 1131 3312 Zouarrm
1161 3269 1192 3310 et
1211 3255 1322 3310 Cedre-

392 3353 461 3391 num
480 3337 517 3389 ed
537 3339 612 3390 hune
635 3337 775 3390 historice
795 3337 900 3392 locum.

430 3417 471 3480 (a)
492 3411 612 3468 Videtur
632 3414 817 3468 scribendum
836 3433 940 3484 graece
960 3415 1059 3486 τυροῦ.
1078 3409 1129 3464 Brt
1147 3409 1224 3465 enin
1238 3409 1321 3467 lusu·

392 3487 424 3544 lu
444 3489 553 3556 verbo,
583 3491 661 3562 quod
680 3505 759 3559 patet
777 3509 813 3544 ex
832 3491 937 3562 graeco
956 3491 1058 3545 codice
1084 3487 1176 3543 ambr.
1204 3490 1235 3542 iu
1262 3509 1322 3561 quo

391 3565 531 3620 scribitur
549 3569 635 3636 τυρόν
653 3565 683 3622 ιἰι
700 3569 856 3644 γάλακτος.
875 3569 964 3638 lgltur
976 3587 1062 3624 urent
1074 3569 1164 3640 superi
1178 3564 1321 3632 intelllgi·
1355 3559 1359 3566 ⁴

389 3641 460 3696 cosei
479 3641 560 3698 erlem
580 3657 629 3698 aut
647 3661 814 3720 segmentum.
842 3645 936 3699 Aliter
961 3645 1012 3700 sed
1032 3665 1087 3699 nou
1108 3644 1253 3700 veaurtiur
1273 3641 1320 3696 lu-

390 3719 463 3772 dunt
482 3719 628 3775 Gedrenus
649 3735 677 3775 et
695 3719 824 3774 Zoana·
853 3723 929 3790 apud
950 3742 1023 3794 quos
1042 3723 1141 3798 Satyri
1166 3721 1259 3776 visum
1277 3721 1320 3777 si·

389 3795 506 3868 guifictt
524 3797 689 3852 Alexandro
709 3797 749 3856 ool
769 3797 862 3875 Τὸρος
883 3796 976 3861 ἔσται.
