3109 4934
401 466 446 534 30
726 455 1020 528 lTlNERARlVM

363 719 367 726 ,
397 605 496 694 inde
526 603 650 692 naves
669 604 898 720 Memphim
926 633 1004 722 per
1020 603 1165 690 Nilum
1182 607 1334 692 subur·

399 727 518 846 gueri
548 727 694 828 iubet,
725 723 923 841 ipseper
971 723 1226 860 Heliopolim
1253 757 1332 840 pe

398 853 470 936 des
528 847 677 934 ebdem
722 860 1000 932 occursurus:
1043 843 1201 962 ibique
1234 847 1329 935 Diis

395 967 575 1086 Aegypti
603 997 722 1056 sacra
756 963 856 1052 facit
904 987 948 1051 et
981 993 1121 1050 sacros
1173 995 1353 1082 agonas·

396 1089 642 1225 exsequitur
673 1083 794 1172 Exim
825 1101 862 1169 (ι
891 1085 1080 1203 Memphi
1122 1089 1329 1172 defluente

396 1209 579 1297 exercitu
633 1211 852 1321 Canopum
899 1195 1124 1291 descendit
1189 1207 1328 1312 Quam

394 1331 508 1416 circa
536 1327 619 1412 loci
659 1324 764 1410 facie
807 1326 1032 1413 delectatus
1082 1328 1327 1412 condendae

394 1451 510 1534 urbis
541 1445 746 1534 desiderio
767 1467 1017 1562 occupator:
1042 1448 1199 1532 Divum
1221 1476 1327 1534 aevo

392 1599 441 1654 re
472 1585 506 1646 ιι)
547 1567 736 1683 proxima
785 1568 1029 1654 mortalibus
1080 1566 1261 1653 insciens
1284 1587 1322 1650 ot

391 1689 436 1774 in
486 1717 611 1804 opere
658 1689 835 1803 pulchro
880 1687 1119 1805 perpetuari
1169 1717 1323 1772 nomen

393 1811 584 1897 auctoris.

237 1961 310 2008 ιι...
311 1961 381 2076 ιι...
449 1931 597 2015 XLIX
654 1927 785 2065 Igitur
835 1927 911 2012 ubi
963 1929 1098 2013 solum
1139 1928 1329 2014 describi

207 2029 372 2165 ..ΠΤὟ
388 2047 653 2151 conveniret,
689 2047 777 2136 eius
825 2048 1022 2134 scientiae
1067 2045 1324 2151 artificibus,

388 2201 493 2286 quos
523 2169 823 2258 architectoriae
870 2190 1047 2268 vocant,
1080 2167 1345 2256 limitandae·

385 2294 514 2376 humo
543 2292 682 2377 ferunt
701 2291 915 2425 pulverem
941 2287 1152 2376 definisse:
1183 2319 1321 2404 eoque

385 2409 583 2496 milites
570 2440 731 2514 russos,
777 2407 953 2524 qttisque
987 2439 1131 2497 secum
1162 2409 1321 2524 alphita

386 2529 476 2616 esui
505 2529 675 2646 potuive
706 2529 937 2665 gestitant,
967 2560 1019 2616 ea
1049 2528 1188 2616 cuncti
1218 2561 1323 2615 con·

384 2648 562 2737 ferrent.
608 2652 801 2766 amaraque
837 2648 930 2736 illos
978 2651 1068 2736 solo
1102 2651 1319 2767 pingendo

382 2771 579 2888 paruisse.
624 2773 706 2858 Sed
749 2768 861 2856 enim
918 2801 1018 2858 mox
1073 2769 1121 2854 in
1179 2790 1320 2855 cetera

381 2893 644 3009 providentia
693 2917 820 3010 rege
856 2891 1075 2993 distento,
1125 2891 1319 3006 adlapsus

384 3013 500 3099 alites
542 3014 817 3128 depastasque
860 3012 1045 3097 edulium
1094 3011 1317 3124 aspergine

379 3133 622 3220 liniamenti.
656 3134 781 3240 Quod
810 3133 995 3248 portenti
1015 3131 1315 3216 coniectatores

382 3283 477 3337 cum
492 3283 612 3340 secus
632 3255 857 3355 ducerent,
877 3253 1158 3338 Alexandrum
1177 3273 1315 3335 sermo

381 3393 443 3456 est
471 3373 842 3486 pronunciavisse‚
866 3371 968 3456 ⁴eam
996 3374 1147 3457 urbem
1176 3369 1316 3454 multis
1393 3406 1400 3421 ·

414 3586 450 3640 (ι)
466 3581 527 3628 (lod.
543 3597 571 3629 u
589 3585 638 3630 ain.
656 3559 690 3639 (l)
708 3584 768 3629 σοι.
786 3595 843 3629 κη.

417 3762 459 3831 (ι)
478 3758 522 3815 lta
541 3757 605 3814 cod·
635 3758 753 3817 ἰιυιίιιι
782 3774 839 3834 pro
865 3759 974 3833 scitor,
1004 3775 1062 3815 son
1092 3757 1155 3814 siue
1188 3757 1330 3822 aliorum,

378 3849 530 3896 auctorum
549 3835 700 3908 exemplis.
