3109 4934
483 539 621 610 'SEV
644 539 770 609 LIBER
794 537 859 610 lll.
995 584 1001 596 ·
1097 562 1159 630 141

234 721 261 773 u
294 717 477 788 moneo,
507 689 755 804 sanctissimi
784 686 964 788 milites,
1005 689 1161 804 nequid

233 844 261 894 >›
293 837 456 914 rursum
483 805 791 922 magnificentia
823 810 902 894 ista
946 809 1163 894 barbarica

232 963 260 1014 n
296 929 451 1014 animos
499 947 658 1016 vestros
691 929 960 1029 ¹inconsultos
1009 932 1160 1014 turbet.

233 1081 262 1130 u
293 1047 453 1133 Auditis
485 1049 596 1133 enim
625 1048 772 1132 litteris
802 1049 929 1148 Pori,
969 1069 1162 1149 revocate

231 1199 259 1250 a>
291 1168 402 1252 illam
420 1197 598 1283 quoque
632 1167 861 1258 litterarum
909 1170 1030 1255 Darii
1077 1199 1162 1254 me·
1295 1245 1299 1251 .

233 1319 262 1370 n
293 1287 497 1388 moriam,
537 1287 755 1400 videteque
786 1314 888 1372 uum
926 1291 1163 1404 arrogantia

232 1439 261 1490 u
293 1405 454 1520 dispar?
479 1435 578 1490 num
596 1406 813 1492 dissimilia
826 1405 975 1516 verba?
990 1409 1114 1492 Haud
1124 1427 1161 1482 ‹⁶›

231 1677 259 1729 »
293 1643 404 1730 ferae
453 1646 557 1730 istac
610 1645 848 1758 bestiaeque
899 1675 1006 1760 quae
1053 1649 1163 1762 apud

233 1797 262 1848 »
293 1765 407 1880 ipsos
439 1785 535 1850 sunt
562 1765 767 1878 plurimae
792 1828 804 1864 ‚
829 1764 951 1880 pardi
971 1765 1163 1852 videlicet

233 1917 261 1966 >a
292 1909 335 1969 et
363 1887 505 1970 leones
536 1883 836 2000 elephantique,
856 1886 944 1968 solo
959 1883 1162 1970 illonatu·

165 2021 171 2031 ‘
233 2037 262 2086 >o
292 2034 363 2090 rae
390 2032 488 2090 suae
509 2003 658 2094 tretia
693 2005 839 2117 inpetu
858 2025 900 2088 et
917 2027 950 2082 ‹e›
974 2006 1161 2121 corporis

87 3242 216 3292 alcandri

52 3312 146 3360 littam
187 3313 218 3360 ad

51 3383 145 3430 Porum.

230 2156 260 2207 >a
294 2125 535 2224 alacritate,
567 2121 683 2211 facile
713 2124 928 2210 hominum
960 2125 1162 2239 sapientia

233 2279 262 2330 >›
284 2246 598 2358 'subiugantun
640 2247 749 2338 item,
789 2247 916 2330 hosce
962 2247 1162 2330 barbaros

235 2399 263 2448 n
292 2363 517 2479 intelligitis
547 2360 699 2450 fiducia
718 2363 991 2452 multitudinis
1009 2361 1170 2465 fretos„

235 2485 406 2568 »nulla
453 2504 592 2567 tamen
637 2485 846 2600 praeditos
896 2483 1163 2599 imperatoria

233 2637 262 2688 >a
293 2631 495 2718 graecave
525 2605 726 2720 sapientia
754 2601 950 2720 perfacile
991 2634 1089 2690 mox
1116 2605 1163 2689 in

233 2757 261 2808 a>
292 2725 491 2809 ditionem
555 2746 740 2810 nostram
800 2753 891 2810 esse
940 2745 1161 2810 venturos:

232 2877 260 2927 >a
293 2865 414 2958 atque
459 2843 604 2930 itidem
648 2842 870 2960 prudentia
918 2866 1061 2929 nostra
1110 2843 1162 2927 ad

232 2997 261 3048 >›
289 2965 573 3077 pernicionem
604 2980 639 3040 tu
670 2965 734 3050 sui
776 2965 840 3048 uti
869 2992 1019 3079 posse,
1048 2961 1161 3046 utin

231 3115 259 3168 u
293 3080 400 3168 feras
431 3103 495 3170 est
524 3082 654 3170 facilis
683 3083 921 3170 hominibus
941 3078 1161 3167 effectus».

293 3205 383 3292 VIL
413 3207 463 3290 In
493 3205 606 3288 hunc
635 3203 720 3288 fere
741 3207 911 3290 modum
930 3202 1162 3286 Alexander

235 3353 331 3412 cum
352 3354 448 3410 suos
468 3325 707 3410 adhortatus
732 3349 857 3426 esset,
874 3327 964 3438 ipse
995 3351 1160 3436 quoque

231 3446 331 3531 Pori
349 3445 498 3532 litteris
519 3473 791 3558 responsurus
804 3446 853 3530 in
870 3447 979 3528 hanc
999 3463 1162 3527 senten-

234 3566 334 3650 tiam
356 3567 511 3652 scribit.
532 3599 559 3648 ι(
577 3564 742 3650 Terreri
755 3595 832 3649 nos
852 3586 1022 3679 patrna,
1036 3565 1161 3662 Pare,

268 3843 303 3896 (a)
321 3839 380 3886 cod.
398 3849 446 3884 aar.
464 3839 497 3898 (l)
524 3841 560 3885 lta
582 3839 637 3884 cod.
660 3837 722 3904 freti·
747 3841 780 3892 (ι)
797 3838 834 3882 lta
857 3835 912 3881 eod.
937 3851 971 3881 es.
999 3833 1035 3896 (ἰ)
1053 3834 1089 3880 lta
1106 3832 1161 3878 cod.
1219 3845 1224 3852 ·
