3109 4934
357 543 418 614 sos
598 539 853 612 ALEXANDRI
876 541 1034 614 ottrvs

343 724 370 774 >›
400 694 528 776 nu'ruu
548 691 805 802 bingintdinis
819 691 963 774 cubitis
979 715 1030 770 τ
1041 715 1186 801 eaeque
1200 722 1280 801 qua

341 843 367 890 »
392 833 579 924 poterant
592 811 766 894 homines
777 811 954 892 involant.
970 811 1080 894 Tunc
1093 815 1282 896 exisdun

342 963 368 1010 »
401 933 561 1016 harenis
609 931 839 1015 corcodrilli
868 951 903 1002 ω
928 931 1055 1012 etiam
1096 953 1282 1017 extarues

344 1083 371 1132 n
395 1057 548 1164 passim
576 1053 761 1134 invadunt
785 1049 1054 1160 quodnupedia
1072 1053 1285 1134 utilitaria,

349 1205 375 1252 »
407 1171 472 1254 Ad
488 1171 582 1252 naec
596 1187 630 1248 (ὃ)
646 1173 764 1254 alites
785 1167 922 1278 quibus
939 1172 1049 1280 aprtd
1067 1201 1139 1254 nos
1160 1201 1282 1253 voca·

347 1324 374 1372 »
407 1289 541 1372 bedun
568 1291 782 1400 vespertilio
812 1312 899 1386 est,
940 1291 1011 1370 sed
1047 1317 1150 1396 quae
1191 1293 1280 1373 illic

347 1443 377 1490 o)
408 1437 518 1521 stqcr
536 1397 733 1490 columbae
747 1409 1087 1519 magnitudinem,
1105 1409 1282 1492 dentibus

346 1562 375 1611 »
408 1551 541 1612 oedem
569 1547 601 1601 v>
629 1531 685 1612 ad
719 1527 884 1610 hturtnni
917 1530 1034 1611 rictus
1064 1528 1279 1612 volentiam

349 1684 375 1732 >›
409 1679 544 1736 saevae
575 1673 691 1748 stent,
721 1646 998 1732 circumvolare
1026 1676 1209 1759 coepere,
1239 1670 1279 1731 et

347 1801 375 1852 »
407 1769 615 1876 qtabusque
634 1765 915 1852 incatuioribus
934 1795 1050 1851 ames
1070 1791 1142 1850 aut
1159 1799 1280 1852 nares

347 1919 374 1970 »
407 1909 478 1968 otu
512 1891 658 1996 digitos
679 1917 925 1996 praesecare.
960 1889 1062 1966 Tum
1089 1887 1278 1972 rhinoco-

347 2039 374 2088 u
407 2035 521 2092 roces
551 2009 781 2102 insecutae,
812 2007 886 2090 sed
911 2033 982 2086 eae
1023 2037 1123 2123 sane
1151 2037 1277 2116 neque

347 2159 373 2208 »
407 2127 466 2208 od
509 2126 689 2210 bonunes
732 2127 976 2222 saeviebant,
1005 2127 1129 2233 neque
1168 2131 1279 2236 igneos

347 2271 545 2330 »temere
582 2246 832 2330 advolabant
870 2263 918 2325 “n
953 2245 1127 2326 Tandem
1157 2249 1280 2358 igitur

347 2397 375 2446 >>
405 2371 603 2451 restitutus
631 2367 710 2450 diei
738 2367 1026 2478 intelligensque
1055 2369 1099 2447 in
1127 2389 1280 2476 quanta

345 2517 373 2566 >s
405 2487 633 2570 discrimina
659 2489 914 2594 proderentur
946 2482 1000 2564 ab
1028 2483 1133 2568 ltisce
1161 2477 1276 2570 Indis

345 2635 372 2686 >s
405 2609 470 2716 qui
490 2637 573 2690 sese
594 2609 793 2690 salutares
813 2606 949 2689 itineri
966 2605 1167 2712 <usurum
1191 2637 1277 2688 esse

344 2759 371 2806 »
404 2725 514 2809 nobis
541 2729 718 2836 polliciti
749 2748 882 2820 erant,
912 2752 980 2806 eos
1021 2721 1073 2804 ob
1111 2724 1276 2835 fraudis

345 2878 372 2944 n,
401 2851 583 2956 meritum
612 2850 739 2930 isdem
771 2848 885 2952 aquis
906 2845 1143 2953 praecipites
1181 2847 1275 2928 dan'

344 2998 372 3048 »
402 2971 610 3075 necarique
622 2969 827 3080 praecepi
845 2965 970 3074 Atque
999 2965 1094 3044 exin
1116 2968 1179 3048 usi
1208 2967 1273 3046 iti-

345 3117 371 3166 »
403 3120 495 3172 nere
523 3091 702 3183 rectiore,
733 3087 897 3168 tandem
925 3085 1166 3165 restituimur
1187 3090 1273 3170 viae

343 3239 369 3287 »
401 3237 501 3314 quae
520 3237 594 3290 nos
613 3211 672 3291 od
692 3208 929 3290 Prasiocam
947 3224 1029 3283 nuo
1054 3199 1273 3288 deduceret.

186 3355 296 3403 renen.
400 3324 570 3406 XXXV.
588 3357 628 3404 ·»
649 3330 786 3438 ,Igitur
817 3355 905 3406 cum
932 3326 1118 3432 oppidum
1140 3324 1275 3432 quod-

337 3475 364 3524 »
397 3445 667 3554 damopedens
683 3443 1273 3527 saneetbabundansomnibus

334 3594 363 3642 »
395 3565 600 3672 refectioni
632 3563 833 3644 &manae
877 3565 1112 3645 necessariis
1150 3564 1271 3647 adve-

335 3713 362 3763 n
395 3683 601 3776 nissemus,
649 3682 873 3790 recipiendis
922 3681 1064 3765 viribus
1125 3681 1271 3766 ibidem

764 3803 1268 3820 *-—n—--

368 3847 403 3906 (ι)
416 3851 452 3894 lu
469 3848 524 3894 sod.
543 3846 577 3901 (b)
595 3847 655 3893 Coei.
671 3843 754 3890 auae.
771 3847 874 3900 (qood
895 3856 980 3894 tuem
997 3847 1035 3904 (d)
1045 3849 1105 3896 esd.
1122 3849 1268 3897 duntone.

335 3922 365 3976 (e)
375 3919 432 3966 Cari.
450 3915 555 3965 enatat
570 3916 664 3968 itineris,
