3109 4934
597 534 675 604 mv
700 525 826 605 unm
852 535 879 606 1.
1156 561 1202 634 η

274 683 536 772 desesailibus
554 699 588 757 ω
612 682 778 766 llnmina
797 710 963 795 quoque
984 685 1202 772 duodecim

273 807 599 901 intererrabunt,
633 801 788 916 pariter
818 803 959 886 omnia
989 809 1200 921 vergentia

273 927 419 1010 iuxtim
452 924 497 1008 in
527 951 666 1022 mare,
701 919 822 1005 sicuti
850 949 962 1006 nunc
998 923 1203 1010 etiamad

271 1047 516 1132 memoriam
558 1040 709 1128 veteris
753 1041 1036 1128 insulcationis
1083 1045 1203 1130 datur

272 1167 420 1251 visere.
442 1164 610 1279 Quippe
632 1161 821 1274 quamvis
842 1186 1042 1278 congestu
1058 1186 1202 1280 postea

272 1286 355 1370 sint
385 1287 436 1368 ad
468 1283 658 1397 aequoris
688 1281 794 1366 uniti
814 1279 960 1366 faciem
999 1313 1202 1397 exaequa-

272 1426 339 1505 ta,
371 1404 553 1519 quisquis
586 1425 722 1487 tamen
743 1401 814 1485 ille
846 1405 992 1486 ductus
1022 1404 1199 1490 fluminis

271 1525 373 1623 luit,
402 1525 437 1610 is
467 1552 578 1607 nunc
608 1521 752 1638 plateis
780 1523 890 1636 apud
908 1523 1200 1608 Alexandriam

270 1661 422 1728 tractus
457 1666 542 1728 est:
576 1641 649 1726 sed
679 1643 762 1724 duo
791 1664 951 1728 tantum
985 1643 1197 1758 ingressus

270 1766 485 1849 [luminum
506 1761 723 1846 reservati:
740 1765 866 1846 ceteri
885 1764 1054 1848 nomina
1072 1763 1199 1878 parti-

269 1887 347 1970 bus
369 1884 512 2000 oppidi
530 1881 834 1997 praestiterunt
862 1885 993 1997 Igitur
1013 1902 1048 1960 (υ
1074 1913 1199 1968 omne
1257 1979 1261 1990 ¹

269 2005 447 2118 spatium
478 2030 528 2087 eo
557 2003 673 2100 loco,
718 2003 787 2086 cui
815 2001 1088 2086 Interdidium
1124 2033 1197 2087 ve·

270 2145 517 2210 monumen
548 2142 632 2220 est,
667 2151 799 2234 usque
830 2123 883 2205 ad
911 2123 1197 2236 Hermopolim

269 2243 384 2328 urbis
413 2243 500 2328 eius
521 2240 676 2326 ambitu
696 2264 730 2317 (τ)
750 2263 993 2356 occupatum
1015 2265 1086 2329 est
1115 2243 1195 2326 Sed

268 2364 379 2452 enim
423 2391 574 2446 nomen
617 2362 698 2445 hoc
737 2364 861 2478 longe
904 2392 1022 2448 secus
1067 2393 1113 2447 ac
1148 2393 1193 2448 ae

268 2483 416 2569 veritas
459 2485 584 2568 habet
625 2481 670 2566 in
703 2511 783 2568 usu
812 2481 1097 2597 appellationis
1126 2513 1194 2566 re·
1326 2508 1332 2516 ·

266 2603 390 2706 sedit,
420 2599 795 2716 Hormoenimpolis
824 2630 908 2684 non
929 2603 1194 2716 Hermopolis

266 2723 376 2808 dicte
403 2743 490 2822 est,
529 2723 642 2834 qnod
671 2720 908 2836 portuosiue
938 2723 1023 2807 illic
1056 2723 1196 2808 alveus

263 2842 351 2928 Nili
391 2841 595 2957 latiusque
637 2843 683 2926 in
724 2843 854 2926 latera
903 2843 1194 2940 descendens,

264 2959 390 3056 fidam
420 2963 638 3048 stationem
657 2981 693 3039 (ἢ
712 2963 889 3049 navibus
908 2991 984 3074 per
1013 2989 1103 3046 aeae
1133 2959 1194 3042 la·
1267 3027 1270 3034 .

262 3081 455 3168 bentibus
488 3083 649 3167 faceret.

84 3235 250 3316 Alaunadpiu
324 3201 436 3284 XXI·
481 3204 601 3286 Hanc
647 3203 772 3318 igliur
823 3205 971 3286 urbem
1014 3197 1200 3285 ssomllllfl'

65 3305 213 3350 ''⁰¹¹'“⁰¹²'
266 3321 329 3404 eui
380 3321 656 3436 appellatione
693 3323 882 3438 dignatus
919 3321 965 3405 in
1003 3348 1189 3433 omnem,

141 3519 147 3530 .
261 3461 462 3552 qnantum
512 3441 592 3528 visi
642 3444 797 3542 datur,
844 3437 1192 3558 magnificentiam

291 3777 328 3827 (a)
345 3773 382 3820 lta
397 3777 453 3822 eod.
470 3777 540 3824 llaad
555 3775 606 3824 telo
623 3791 654 3822 au
670 3777 823 3824 sennonem
832 3775 1010 3824 deleniat·
1025 3773 1137 3823 nullllu
1147 3780 1190 3820 nt

258 3839 375 3890 rertllule'r.
393 3844 426 3900 (1)
442 3844 501 3892 (lod.
518 3847 593 3906 igitar.
616 3849 648 3902 (ι)
665 3846 725 3894 cod
735 3846 853 3894 ambiam.
868 3845 976 3904 (ilenti.
992 3845 1180 3900 «suu-eim·
