3109 4934
400 523 430 571 u
753 497 954 572 EDITORIS

401 625 510 738 sinum
536 645 728 738 Serapeum
752 663 847 711 anno
877 659 961 735 post
997 639 1178 714 Chrismrn
1203 661 1326 713 natum

400 760 616 806 ccccxxxix.
630 735 824 806 Theodosii
839 735 927 828 imp.
940 735 1061 805 edicto
1075 738 1231 806 solutum
1247 761 1327 811 ease

399 848 538 922 constet
563 837 619 912 (ὓς
644 830 747 900 dirus
772 830 859 898 item
885 829 1035 898 loannes
1052 829 1326 921 chrysostomus

398 921 590 992 Alexandri
629 921 860 1014 sepulchrum
901 921 947 990 de
988 923 1108 991 medio
1146 922 1329 991 subletum

399 1015 549 1110 eiusque
590 1039 741 1086 annuam
766 1017 990 1084 memorium
1024 1018 1122 1084 inter
1161 1014 1326 1084 homines

398 1111 593 1178 extinctum
630 1132 694 1178 sun
730 1110 801 1176 iam
837 1125 955 1176 aetate
992 1126 1143 1176 testetur
1171 1115 1233 1190 <⁸²3
1268 1131 1327 1177 se-

399 1204 520 1294 quitur
544 1217 584 1270 ut
597 1199 690 1269 hanc
707 1199 896 1269 historiam
916 1223 982 1268 seu
998 1201 1110 1269 latine
1142 1224 1206 1268 seu
1229 1218 1328 1270 certe

396 1315 528 1390 graece
540 1297 686 1362 omnino
703 1311 786 1362 ante
803 1293 840 1360 id
854 1312 992 1386 tempus
1004 1293 1245 1386 conscriptam
1256 1317 1326 1388 pu·

398 1405 526 1456 ternus.
541 1387 615 1454 Etsi
631 1405 750 1454 autem
766 1408 788 1452 e
810 1385 952 1454 (luobus
968 1408 1008 1454 ar
1034 1392 1211 1469 umentis,
1229 1408 1325 1478 quse

397 1477 498 1564 dixi,
539 1477 783 1548 tantummodo
817 1499 969 1574 arguas,
994 1410 1114 1550 isne
1136 1479 1324 1548 historiam

397 1573 524 1642 saltem
535 1574 714 1666 primitus,
730 1593 862 1664 nempe
880 1595 1026 1668 graece,
1040 1591 1123 1667 post
1137 1572 1230 1640 illud
1246 1596 1328 1642 sne·

397 1667 518 1736 culum
542 1688 616 1734 non
655 1687 736 1735 esse
773 1665 998 1750 conlectams
1035 1686 1155 1736 temen
1195 1666 1328 1735 omissis

394 1760 516 1854 graeci
556 1759 770 1853 exemplaris
820 1757 919 1852 qood
957 1760 1067 1852 periit
1105 1759 1326 1841 mentione,

395 1854 508 1946 siquis
532 1853 739 1944 interpretis
764 1850 848 1921 Iulii
871 1852 1008 1922 Valerii
1025 1854 1148 1922 stilum
1162 1870 1199 1921 et
1222 1854 1326 1944 quasi

393 1944 545 2016 sormam
569 1943 833 2027 considerabit,
861 1943 1025 2030 isjhnnc
1048 1947 1158 2014 etiam
1172 1945 1327 2014 latinum

393 2057 577 2108 auctorem
610 2040 707 2108 intra
731 2039 878 2108 tertium
918 2057 982 2106 sut
1015 2057 1184 2132 quartum
1225 2038 1323 2108 chri-

391 2133 501 2200 stiani
524 2133 605 2202 aevi
629 2131 814 2202 saeculum
838 2153 987 2226 prorsus
1010 2130 1226 2202 continebit
1251 2133 1324 2201 Vo-

391 2223 520 2294 cabnla
544 2227 640 2294 enim
665 2244 703 2296 et
727 2226 886 2294 elocutio
910 2241 950 2294 et
984 2241 1060 2294 tota
1096 2226 1226 2320 scripti
1259 2246 1325 2292 nn·

392 2334 473 2387 tura
497 2318 644 2412 (siquid
668 2341 776 2388 sensu
800 2318 974 2388 csllemus
1008 2338 1046 2388 et
1068 2339 1156 2388 aure
1183 2318 1325 2406 >illam

390 2411 518 2505 utique
544 2431 696 2482 aetutem
719 2411 905 2482 clamitate
926 2410 1096 2482 videntur
1122 2413 1173 2480 (³).

264 2524 376 2574 niumm
439 2505 484 2576 11.
509 2504 725 2576 Confirmata
747 2505 821 2574 scri
849 2505 877 2574 si
901 2507 1118 2600 antiquitate
1138 2511 1248 2598 (qnae
1262 2503 1324 2574 vel

205 2589 376 2676 ⁵³¹²⁰²³m¹r
393 2599 508 2690 prima
534 2599 610 2668 laus
634 2603 673 2668 iu
697 2598 754 2668 his
778 2529 889 2668 nehus
912 2597 1093 2683 habetur)
1110 2599 1324 2690 innuptam

205 2660 878 2762 ‘⁸⁶⁰³“””‘1utiivsteriihistoricam
913 2693 1123 2762 facus-ten
1158 2691 1322 2762 breviter

389 2784 670 2858 consideremus.
695 2785 854 2855 Primum
878 2785 1027 2878 quidem
1057 2784 1169 2860 huius
1206 2784 1322 2852 histo·

387 2879 465 2948 riae
488 2881 648 2950 elocutio
679 2879 765 2948 satis
804 2877 896 2948 mihi
937 2877 1137 2950 abhorrere
1174 2876 1322 2977 virletnt

382 3153 403 3168 κ
426 3099 469 3167 (ι)
489 3095 676 3151 hlucsllinns
696 3094 797 3150 Comes
817 3095 850 3150 in
867 3093 1014 3150 &mnino
1045 3093 1177 3150 Timasio
1204 3106 1234 3148 st
1251 3091 1323 3148 Pro·

387 3189 466 3230 moso
486 3191 562 3230 coss.

425 3255 466 3321 (ι)
488 3249 597 3308 Locum
616 3248 814 3322 chrysostomi
834 3248 944 3306 ridetis
969 3245 1096 3306 inferias
1125 3247 1165 3304 erl
1190 3245 1245 3302 lib.
1265 3241 1320 3302 ΙΙΙ.

388 3323 452 3398 cap.
473 3339 542 3382 ¹⁰11.
562 3347 592 3399 p.
612 3325 677 3382 228.
699 3328 729 3381 iu
749 3343 824 3380 notu.

425 3402 466 3473 (3)
484 3403 591 3459 lulium
610 3421 679 3458 sace
697 3403 853 3459 Valerium
867 3417 933 3458 ante
944 3406 1019 3459 hano
1041 3415 1166 3458 netttsm
1185 3399 1320 3455 floruisse

387 3497 444 3534 non
463 3478 599 3536 arhitrcr.
620 3483 658 3535 ht
675 3484 821 3552 Aesopum
839 3481 931 3536 multo
960 3481 1088 3537 fortuss
1120 3477 1319 3554 anriqpiorem

388 3556 454 3628 quis
475 3557 538 3611 iure
556 3557 665 3632 negetl
677 3559 849 3630 praesertim
869 3557 894 3610 si
911 3555 1028 3613 nullum
1056 3558 1224 3613 remotioris
1244 3555 1320 3608 snti-

389 3633 507 3705 quitstis
526 3651 583 3688 non
602 3647 646 3688 est
664 3635 805 3692 indicium
824 3631 904 3703 quod
923 3651 976 3687 nos
996 3653 1033 3690 ex
1053 3635 1128 3690 libri
1149 3631 1205 3688 ill.
1223 3630 1319 3701 eapite

388 3723 532 3766 sxxxsrrr.
551 3717 597 3782 (p.
619 3708 683 3765 ani.
704 3731 732 3764 n.
754 3714 802 3778 1.)
821 3708 1015 3779 proferimus:
1049 3711 1098 3767 cui
1128 3724 1221 3766 temen
1240 3707 1321 3763 indi-

386 3785 435 3858 cio
453 3804 556 3859 perum
575 3786 721 3843 fidendum
740 3787 950 3845 existimamus.
