3109 4934
363 481 407 550 82
617 475 872 550 ALEXANDlll
895 475 1037 549 ORTVS

362 625 477 716 Quam
500 620 722 694 invidentem
747 621 870 692 luisse.
895 622 953 692 An
976 620 1048 692 tibi
1072 641 1179 716 putat

360 717 444 786 Sine
469 719 660 812 sacrilegio
683 739 761 786 rem
785 715 946 784 intutam

361 812 494 882 Locum
518 811 628 880 iatum
652 810 751 879 ferro
776 826 815 878 et
837 807 917 904 igni
946 810 1155 901 postulati,

362 905 403 976 lu
426 928 499 1014 qno
523 904 687 974 Semelen
710 924 812 972 enam
833 923 903 974 ren
926 901 1044 977 Deum
1069 904 1210 997 Iupiter

361 999 604 1082 Maritavcrin
635 999 675 1067 in
699 1019 772 1090 quo
797 993 1031 1068 Alcumenam
1056 1019 1207 1138 quoqne

362 1091 461 1162 ldcm
484 1092 579 1163 lovis
605 1092 783 1182 [nuptiis]
809 1087 978 1186 dignatus
1014 1089 1084 1160 eit.

219 1323 349 1374 „m
422 1263 586 1349 valt
621 1263 813 1348 Addebat
856 1281 900 1346 et
943 1255 1127 1360 fabulas,
1171 1290 1297 1376 quae·

177 1394 339 1444 mmet
363 1413 540 1499 cumque
570 1385 771 1467 thebanae
790 1403 903 1480 sunt,
933 1399 977 1465 et
993 1377 1211 1466 memorias
1231 1411 1298 1466 re·

362 1503 526 1620 ligiosas
557 1531 658 1615 quas
687 1523 805 1588 vetus
833 1499 1005 1586 historia
1016 1503 1294 1587 commendat

363 1628 443 1712 Sed
455 1625 523 1710 hic
536 1625 780 1710 commotior
792 1652 866 1707 rex
881 1651 908 1702 u
921 1623 1059 1724 Quam
1077 1621 1224 1706 vellem
1239 1645 1297 1722 to,

364 1775 392 1830 >a
421 1743 576 1856 inquit,
608 1772 633 1826 o
663 1765 709 1827 tu
739 1742 813 1856 qui
841 1741 997 1828 civium
1027 1762 1191 1830 tuorum
1228 1742 1295 1826 in-

363 1861 599 1948 »fortunio
641 1859 880 1977 suffragaris
922 1863 1127 1946 consultor
1155 1861 1293 1976 potius

363 2017 390 2066 >›
421 1981 567 2068 fuisses
595 1981 641 2068 iu
670 1981 844 2082 melius,
875 2004 918 2066 et
947 1981 1033 2066 illic
1053 2005 1166 2066 tuam
1195 2012 1296 2095 pru·

364 2137 391 2187 a
421 2103 603 2190 dentiam
645 2100 935 2202 exercuisses,
986 2101 1061 2186 ubi
1104 2103 1294 2186 cautione

363 2255 397 2306 >a
422 2252 526 2339 opus
555 2220 705 2324 faerit,
739 2251 825 2310 nou
864 2219 1101 2305 huiusmodi
1129 2221 1292 2334 experi-

362 2375 390 2426 »
420 2344 574 2430 mento!
594 2345 733 2449 Quare
747 2371 882 2455 neque
898 2339 1008 2426 tibiis
1024 2339 1137 2426 vinci
1150 2360 1293 2454 pectus

362 2493 390 2544 a>
420 2462 613 2548 martium
640 2483 801 2576 potest,
831 2489 910 2546 uec
939 2459 1187 2546 contumelia
1216 2463 1293 2545 mi-

361 2615 389 2664 »
418 2583 548 2668 litaris
589 2603 672 2665 tam
714 2579 891 2668 artificio
927 2608 1052 2696 quam
1087 2579 1293 2694 subplica-

359 2735 388 2784 u
419 2701 529 2788 tione
559 2703 717 2816 sopitur
736 2735 775 2786 ».
812 2705 864 2786 Et
891 2703 1118 2816 posthaec
1148 2701 1293 2816 peragi

360 2821 566 2910 excidium
585 2822 710 2910 iubet.
728 2823 811 2908 Sed
827 2819 1016 2907 Thebani
1041 2819 1293 2933 quicumque

357 2944 481 3060 fugae
518 2963 663 3029 contra
704 2941 930 3028 eversionis
964 2969 1062 3026 suae
1091 2941 1291 3054 impetum

334 3064 675 3163 'consulueranm
724 3063 798 3147 ubi
828 3083 989 3175 tempus
1030 3059 1132 3162 fuit,
1185 3088 1289 3144 con·

358 3183 519 3299 gregati
552 3181 800 3270 sciscitatum
827 3181 1064 3298 Apollinem
1098 3171 1290 3278 mittimt,

357 3303 508 3416 ecquid
530 3319 563 3384 (ὓ)
583 3301 662 3388 sibi
690 3301 973 3416 redintegrare
1002 3304 1149 3385 urbem
1196 3301 1288 3382 the-

357 3424 507 3505 banam
527 3419 608 3504 fata
627 3419 928 3535 permitterentl
954 3423 1019 3506 Ad
1039 3423 1142 3505 haec
1160 3419 1289 3533 igitur

356 3540 594 3625 huiusmodi
622 3541 823 3652 Apollinis
856 3560 919 3622 est
944 3569 1215 3655 responsum:

389 3785 427 3848 (a)
444 3785 506 3832 cod·
523 3779 592 3830 ealles
618 3783 652 3842 (l)
666 3781 820 3846 coloquii.
