3109 4934
407 483 456 534 u
770 452 996 530 rotronis·
1066 437 1071 447 ’

451 604 671 699 Appendioio
681 606 763 674 loco
774 603 820 672 ad
833 621 1032 674 extremum
1045 625 1187 688 moneo,
1196 607 1266 674 tria
1278 607 1335 674 in«

404 722 513 792 anper
537 705 668 792 scripta
681 699 726 768 de
743 697 939 768 Alexandri
950 699 1061 796 gettit
1073 702 1170 768 inter
1188 699 1334 768 codice·

405 792 652 864 ambroniauot
702 813 905 860 occurrere.
949 813 979 858 ι.
1015 793 1115 884 Oput
1165 813 1334 952 {raecum

404 883 534 954 humili
564 885 710 980 quidem
748 885 833 953 atiio
866 881 932 952 aed
968 884 1131 954 nondum
1193 885 1336 954 arbato.

406 978 448 1047 Id
481 1001 563 1048 unm
587 980 681 1049 lulio
706 977 853 1046 Valerio
874 1000 984 1071 saepe
1008 979 1198 1074 congruit,
1228 999 1337 1070 saepe

407 1073 517 1140 etiam
540 1069 586 1140 ab
611 1095 655 1140 eo
681 1071 872 1163 ditcrepat·
909 1072 984 1168 Ego
1008 1095 1054 1142 eo
1081 1069 1209 1141 codiee
1233 1092 1336 1166 grae·

406 1186 450 1232 eo
478 1168 574 1256 (qni
603 1185 657 1233 ert
687 1167 729 1235 0.
765 1186 839 1254 ¹¹7·
861 1185 953 1257 part
984 1167 1094 1258 nup.)
1127 1167 1167 1233 iu
1194 1164 1335 1233 edendo

404 1255 500 1326 Iulio
516 1258 661 1327 Valerio
677 1257 776 1326 hand
799 1279 880 1325 raro
907 1279 992 1327 uana
1015 1280 1095 1326 aum
1119 1259 1159 1328 iu
1183 1259 1336 1327 adnota-

406 1348 569 1419 tionibus
584 1351 684 1420 meia.
698 1350 862 1438 ductoria
875 1352 1021 1420 nomine
1034 1369 1134 1420 earet
1149 1350 1256 1420 liber.
1269 1349 1337 1420 Sed

407 1443 573 1535 profecto
590 1467 662 1512 uon
674 1462 727 1512 ett
739 1442 802 1510 iile
813 1441 1212 1514 Prendo-Callisthenen
1227 1467 1334 1537 quem

408 1534 499 1606 dicit
528 1536 792 1606 Sanoticrneiue
815 1559 852 1630 p.
880 1539 955 1606 163.
981 1555 1018 1606 et
1040 1559 1145 1631 seqq.
1166 1538 1222 1606 uti
1245 1535 1336 1606 mihi

377 1697 380 1708 ,
408 1629 566 1699 innotuit
578 1629 777 1698 conferenti
792 1628 954 1698 einedem
968 1629 1068 1698 loono
1084 1650 1122 1698 et
1136 1632 1335 1732 χαρακτῆ-

404 1745 481 1820 puc
501 1747 522 1790 a
546 1723 792 1793 Sancticrueio
807 1741 962 1791 notatos.
985 1746 1018 1792 a.
1034 1722 1133 1814 Opus
1152 1722 1337 1794 arabicum

406 1816 538 1885 fabulit
563 1817 789 1909 inquinatum
815 1815 923 1900 (eod
939 1817 978 1886 C.
994 1817 1049 1886 25.
1063 1833 1156 1910 part.
1170 1839 1248 1909 unp.
1265 1823 1279 1902 )
1306 1819 1337 1884 3.

406 1909 536 1978 Poima
560 1910 721 1979 Guniteri
759 1909 984 1978 notissimum
1021 1926 1131 2002 atque
1171 1909 1337 1991 editum,

407 2001 505 2094 qnod
530 2006 702 2094 repetitur
725 2002 763 2069 in
787 2001 903 2072 tribuo
928 2002 1117 2072 codicibut
1141 2021 1234 2097 part.
1259 2027 1336 2096 top.

407 2093 796 2186 omnmnu

80 2259 82 2266 .
268 2233 332 2280 ¹·m
363 2249 391 2279 ,,
454 2189 513 2257 lx.
539 2191 696 2277 Quaeret
711 2189 975 2274 adextremum
990 2189 1134 2282 aliquit,
1150 2213 1214 2258 cur
1228 2211 1338 2283 quum

130 2319 134 2328 ·
233 2303 390 2348 aarum..
410 2281 520 2350 lulius
546 2282 706 2352 Valeriae
732 2282 847 2351 doctia
871 2283 1011 2373 aliquot
1033 2285 1121 2353 viria
1137 2283 1250 2352 multo
1275 2306 1339 2350 an·

221 2379 248 2415 ¹·
275 2387 321 2452 Ψ
347 2371 392 2418 'm
410 2392 467 2458 te,
492 2392 533 2444 nt
555 2376 734 2454 vidimus,
770 2378 997 2454 innotuerit,
1032 2377 1169 2446 tamdiu
1201 2375 1338 2444 nihilo·

224 2453 249 2486 ¹⁸
291 2451 340 2487 ⁸⁰⁸⁰
408 2469 527 2538 minua
562 2471 602 2536 in
637 2469 857 2539 scriniorum
896 2468 1118 2539 obscuritate
1157 2466 1337 2538 iacuerit?

406 2561 523 2630 Prima
549 2579 604 2630 eat
626 2563 806 2658 generalia
830 2563 1043 2656 trepuntio,
1067 2564 1198 2632 multoe
1221 2562 1339 2632 adhne

405 2654 446 2724 iu
476 2652 709 2725 bibliotheeia
734 2655 941 2726 sordescere
979 2657 1151 2741 codices,
1177 2657 1216 2724 in
1245 2678 1339 2750 quot

406 2748 477 2816 etti
501 2748 699 2822 identidem
716 2748 879 2818 eruditur
895 2748 1030 2840 aliquia
1047 2750 1178 2819 incidit
1192 2750 1337 2831 oeulos,

404 2839 518 2910 iidem
540 2857 662 2914 tamen
684 2845 742 2912 vei
776 2844 833 2911 rei
867 2845 1090 2912 nummariae
1130 2841 1340 2912 difficultate

403 2935 465 3004 vei
488 2935 649 3004 locorum
674 2953 736 3004 aut
773 2953 976 3029 temporum
1019 2936 1236 3007 adversitate
1279 2936 1339 3004 vei

405 3027 478 3096 alia
508 3031 634 3122 quaria
671 3050 776 3099 nauta
817 3032 1016 3121 comprensi
1048 3047 1142 3099 aunt.
1177 3031 1338 3123 Namque

404 3143 534 3190 revera
558 3121 658 3215 quud
681 3141 847 3193 veterum
872 3122 1007 3217 scripta
1030 3123 1190 3206 lateant,
1222 3123 1339 3191 fortn-

405 3237 475 3282 nae
499 3236 607 3308 saepe
632 3218 769 3288 crimen
793 3234 848 3286 eut
870 3239 946 3285 uon
976 3215 1175 3287 hominum.
1199 3215 1338 3286 Deinde

405 3308 516 3398 pauci
530 3309 724 3377 admodum
736 3310 902 3379 homines
918 3309 1054 3380 eruditi
1066 3333 1157 3404 opus
1175 3309 1257 3380 Iulii
1270 3311 1338 3377 Va·

405 3400 488 3468 larii
513 3421 622 3472 mauu
645 3421 906 3483 versaverunt,
931 3405 1102 3474 nimirum
1129 3406 1270 3472 Inretoa
1301 3423 1339 3472 et

407 3491 562 3586 Congius
578 3511 615 3562 et
632 3493 785 3566 fortasse
801 3495 1014 3579 Chiffletiuu‚
1032 3499 1097 3591 qui
1120 3495 1270 3590 quidem
1292 3497 1340 3564 iit

407 3585 631 3678 temporibut
655 3589 850 3672 vixerunt,
889 3589 1023 3681 quibua
1058 3592 1214 3684 plurima
1237 3607 1339 3658 vete-

405 3699 486 3758 rum
510 3679 645 3774 scripta
669 3682 829 3751 nondum
866 3685 962 3780 typis
1002 3686 1192 3755 committa
1225 3681 1338 3753 eraut
