3109 4934
1134 209 1148 244 ί
1238 224 1243 234 .

586 440 844 534 sustinuat
1133 485 1179 562 29
1274 498 1279 508 ·

251 607 457 724 excidium
490 608 585 694 urbi
618 613 863 722 portendere
899 633 941 696 et
981 615 1176 715 ruinam,

250 755 292 814 et
321 731 409 843 regi
439 729 667 842 periculum
686 754 974 843 praemonent,
995 733 1039 816 ni
1056 765 1176 820 cave-

249 871 328 964 ret.
352 852 499 961 Neque
534 878 599 934 res
633 850 741 933 ultr'a
775 847 971 936 differtur
1006 853 1175 966 Eruptio

249 970 405 1086 quippe
435 969 596 1052 irruens
625 969 894 1084 indigestum
918 973 1045 1056 etiam
1078 993 1176 1058 tune

248 1089 421 1173 militem
450 1089 598 1170 turbat

190 1271 232 1302 η.
308 1209 472 1292 XLVII.
505 1211 640 1313 Quem
671 1208 744 1292 ubi
767 1208 999 1292 Alexander
1023 1210 1178 1296 viritim

76 1325 136 1368 ‘'¹²''
249 1331 426 1414 accitum
447 1329 617 1412 obvium
638 1326 1003 1441 confirmatumque
1020 1332 1177 1416 ratione

248 1447 490 1562 quantocius
510 1446 600 1562 ipse
618 1449 807 1572 praevius
828 1448 960 1587 ducit,
980 1451 1040 1534 nil
1058 1481 1177 1566 prae-
1201 1451 1205 1456 ’

249 1571 499 1654 dictorum·
474 1588 508 1644 ‹⁴›
534 1598 722 1669 mernor,
754 1589 824 1651 aut
852 1570 983 1684 magis
1012 1569 1176 1684 imperii

249 1701 371 1800 quam
407 1689 497 1788 sui,
536 1690 738 1802 catapulta
771 1691 991 1795 humerum
1016 1691 1177 1776 -·vulne

248 1831 364 1893 ratur
391 1809 571 1922 graviter
596 1809 780 1922 quidem:
806 1810 878 1892 sed
902 1809 1013 1894 euim
1038 1809 1177 1896 animo
1204 1810 1212 1818 ’

250 1929 335 2014 vim
365 1929 549 2040 corporis
585 1931 783 2029 sarciens,
808 1931 1032 2042 capiendae
1060 1935 1176 2016 urbis
1288 1985 1292 1992 -

248 2078 364 2162 spem
394 2049 578 2133 vaticinii
607 2047 688 2133 fide
720 2051 879 2142 desua
901 2047 1086 2162 periculo
1110 2071 1199 2136 ra-'

247 2188 332 2252 tam
366 2166 512 2253 sentit:
559 2188 599 2254 et
640 2169 877 2283 posthabito
914 2170 1082 2256 vulnere
1131 2191 1212 2272 ut,

246 2290 464 2402 perdurat,
481 2289 736 2403 admotisque
755 2287 1024 2374 obsidialibus
1042 2309 1077 2368 ‹t›
1091 2320 1177 2376 ma·

248 2411 517 2499 chinamentis
537 2439 631 2494 cum
650 2409 844 2494 tuniculis
864 2409 1036 2510 insertis,
1051 2411 1176 2523 idque
1208 2409 1212 2418 ’

246 2529 407 2612 assidue
443 2559 491 2613 ac
526 2527 795 2642 profundius,
831 2552 975 2644 quarta
1009 2533 1176 2616 demum

246 2647 352 2732 die
340 2649 461 2732 uruit
490 2649 646 2736 Gazam
677 2679 724 2734 ac
756 2649 916 2764 diripit,
941 2651 1143 2762 colique
1131 2677 1176 2734 ιιι

245 2763 456 2903 ppsterum
486 2770 607 2869 sinit,
639 2772 735 2854 usus
765 2769 853 2853 eius
862 2769 1012 2853 sardio
1036 2790 1078 2853 et
1101 2799 1176 2883 op·

245 2887 530 3016 portunitatis,
556 2914 603 2975 ut
627 2891 700 3002 qui
724 2891 836 2974 haec
853 2889 955 2974 talia
980 2888 1061 2973 sibi
1085 2887 1178 2972 vin·

245 3029 367 3092 ceret
594 3051 596 3056 ’

58 3160 167 3273 413.
154 3159 230 3272 ΙΙιι
305 3129 490 3212 XLVIII.
522 3130 632 3214 Hinc
664 3127 841 3264 septima
871 3127 939 3211 die
971 3096 1177 3212 Pelusium

57 3238 171 3359 affl
179 3231 288 3330 ''et
318 3247 456 3360 opima
509 3249 689 3364 Aegypti
738 3247 878 3346 venit,
908 3248 1004 3332 iam
1048 3247 1176 3332 classe

245 3367 504 3481 praemissa,
535 3368 638 3453 nihil
668 3368 749 3454 sibi
797 3371 967 3453 Mazaca
1010 3390 1174 3482 satrape

249 3487 340 3570 eius⁴
391 3488 473 3594 loci
530 3491 703 3573 audente
755 3486 985 3572 subsistere.
1033 3490 1174 3594 Quare

284 3765 319 3818 (a)
336 3761 394 3808 cad.
415 3760 564 3824 praedicem.
590 3757 627 3824 (l)
647 3762 684 3806 lta
701 3764 756 3812 ced.
775 3761 822 3808 nist
837 3762 914 3809 mvi·
932 3760 1117 3818 uetadun,
