3109 4934
599 467 853 540 ALEXANDRl
1146 467 1189 538 61

266 615 312 698 in
328 641 478 728 xaprum
491 597 782 726 exspectabilis
795 610 997 696 ‹aformae
1010 677 1029 712 ,,
1050 613 1139 728 ipse
1159 636 1195 690 ‹a›

266 736 382 848 prior
415 732 590 818 bestiam
621 736 792 831 sternit,
823 754 865 816 et
894 738 1019 817 strati
1049 734 1196 846 gloria·

266 876 366 953 tur,
396 874 525 966 utque
554 853 823 938 immodestae
865 847 1112 938 fortitudinis
1144 857 1196 935 ab

267 1002 367 1086 rege
397 975 646 1056 verberatur.

156 1139 168 1166 ι
208 1122 256 1168 tn
330 1092 475 1175 XCIV.
506 1093 630 1196 Quod
661 1121 755 1174 cum
788 1095 920 1176 acrius
948 1089 1096 1175 merito
1125 1090 1196 1173 sed

67 1191 181 1237 ‘⁹⁹³⁸'
194 1191 227 1236 '⁰‘
267 1210 452 1328 ingenue
490 1213 688 1296 doluisset
728 1214 974 1296 Hermolaus
1011 1209 1198 1294 coniurat

268 1361 314 1414 111
355 1359 498 1444 regem
548 1359 642 1414 cum
696 1331 879 1416 Sostrato
928 1351 970 1414 et
1017 1334 1199 1443 'limma

268 1471 311 1534 et
356 1449 575 1564 Antipatro
618 1450 932 1565 Asclepiodori‚
970 1473 1058 1534 tum
1099 1451 1199 1564 Epi-

269 1599 390 1654 mene
420 1592 460 1652 et
490 1570 649 1654 Anticle
680 1591 722 1653 et
756 1572 929 1655 Philota.
957 1571 1034 1654 His
1057 1569 1197 1654 amicis

269 1691 315 1774 in
334 1718 406 1773 sua
421 1689 569 1773 iniuria
595 1688 935 1791 fervescentibus,
953 1711 1123 1804 pactum
1139 1687 1199 1788 fit,

270 1829 393 1892 nocte
424 1810 628 1928 Antipatri
648 1831 685 1885 ‹²›
718 1811 907 1895 conclavi
937 1809 1112 1924 stragis
1142 1809 1199 1892 ir·

270 1951 447 2011 ruerent.
462 1932 607 2043 Neque
622 1929 665 2013 id
680 1931 853 2042 quitum.
873 1933 935 2013 Ita
947 1958 1107 2044 pernox
1125 1957 1200 2010 rex

271 2049 467 2133 convivio
511 2052 770 2163 perdurarat.
818 2052 920 2132 Sunt
961 2050 1033 2162 qui
1074 2047 1201 2134 etiam

268 2167 525 2281 prohibitum
554 2169 615 2280 ire
634 2170 738 2255 vatis
760 2201 872 2267 voce,
892 2199 945 2250 ne
975 2167 1201 2280 quidquam

270 2306 379 2371 esset
408 2287 452 2370 in
469 2290 561 2372 aula
576 2291 714 2375 multis
732 2289 1002 2404 praemonitis
1021 2308 1134 2372 ratae
1153 2309 1201 2368 to.
1267 2385 1273 2396 Ι

233 2491 235 2496 ’
304 2483 341 2536 (a)
356 2481 415 2526 cod.
433 2481 486 2528 inte.

305 2609 347 2673 (1)
355 2603 398 2658 lte
411 2605 475 2658 aod.
487 2605 656 2679 expectabilis
666 2625 721 2678 pro
733 2605 934 2683 expetibilia&
944 2607 1061 2679 quidem
1070 2623 1105 2659 eo
1117 2623 1205 2658 voce·

268 2679 338 2735 bulo
358 2699 425 2736 utne
437 2695 481 2736 eet
494 2683 592 2740 eidem
604 2703 669 2738 cum
682 2683 822 2738 eeotentii
833 2681 951 2737 Tacitae
964 2683 1065 2740 Annei.
1078 2695 1142 2734 xvt.
1157 2695 1204 2734 at.

269 2755 327 2826 Sed
347 2757 499 2815 lectionem
519 2761 655 2831 optimem
670 2779 686 2814 e
701 2774 781 2815 textu
805 2759 902 2816 Taciti
921 2759 1074 2816 Rhenanus
1095 2757 1192 2812 eiecit.

307 2837 350 2902 (a)
369 2835 477 2907 Nempe
497 2855 556 2910 qua
575 2838 728 2909 Antipater
748 2838 887 2893 excubiae
907 2849 1014 2908 ageret.

305 2911 349 2983 (3)
369 2911 442 2968 Note
461 2917 536 2971 irruo
558 2933 623 2968 oum
645 2917 731 2970 tertio
751 2934 844 2983 auu,
868 2932 957 2986 quum
979 2911 1050 2967 alibi
1070 2909 1205 2982 iungetur

270 3006 394 3066 quarto,
415 2981 479 3044 niti
493 2995 567 3050 t'orte
587 3005 632 3046 eet
651 2991 785 3046 mendum
805 3009 861 3062 pro
881 2989 1014 3046 conclave.

305 3073 348 3138 (4)
366 3065 474 3139 Nempe
494 3089 530 3126 ex
549 3069 648 3123 multia
669 3069 776 3124 divinia
798 3068 917 3122 indicit·
938 3063 1113 3136 euapicentia
1136 3061 1207 3117 inei·

269 3145 330 3200 diae
352 3145 475 3200 aulicae.
495 3147 590 3202 Locus
612 3161 705 3200 eutem
727 3147 769 3200 tic
790 3160 836 3201 eat
855 3158 1011 3214 corruptus
1031 3143 1061 3198 in
1082 3140 1206 3197 codice:

268 3226 339 3278 Sunt
358 3225 422 3298 quia
443 3222 492 3276 iam
509 3221 663 3300 prohibitus
681 3227 724 3279 ire
747 3227 816 3280 eatis
844 3242 880 3278 rte
909 3221 1151 3299 quiaquantum
1176 3221 1207 3274 ire
1280 3286 1283 3294 .

267 3299 331 3354 aula
352 3315 411 3354 erat
429 3297 522 3356 multis
535 3301 711 3378 praemonitis
730 3317 798 3356 rata.
829 3297 883 3354 Rea
904 3301 945 3355 ite
964 3311 1100 3353 narretur
1129 3295 1206 3367 apud

269 3375 401 3430 Curtium
420 3389 487 3430 vttt.
500 3374 527 3432 6.
540 3383 628 3448 Quum
648 3379 698 3433 iata
712 3377 761 3434 lux
772 3375 912 3454 adpeteret
923 3393 950 3434 et
963 3377 1107 3433 convivium
1125 3373 1209 3430 talai-

268 3467 334 3520 ων,
354 3455 532 3508 creaturan
553 3469 716 3532 exceperunt
737 3474 844 3530 regen,
865 3455 930 3512 Iaett'
948 3456 1110 3514 atcariarteat
1130 3471 1208 3509 exee-

269 3528 372 3604 quentli
391 3526 500 3587 sceleris
518 3531 668 3600 adamam,-
696 3552 777 3608 quum
796 3532 895 3590 mulier
912 3531 1072 3600 aaronitae,
1097 3545 1130 3585 ut
1148 3549 1209 3586 cre·

268 3608 356 3662 ditum
375 3623 434 3674 eet,
453 3607 550 3664 utentis
563 3648 571 3677 ,
587 3611 739 3666 conversari
750 3611 780 3664 in
793 3609 977 3684 regimenta,
996 3615 1060 3688 quia
1072 3609 1208 3664 instinctu

267 3682 406 3742 videbatur
420 3684 518 3752 futura
531 3687 686 3764 praedicere
699 3727 707 3753 ‚
719 3705 774 3740 nan
786 3691 908 3745 occurrit
919 3685 995 3744 nodo
1007 3687 1137 3753 abeunti,
1156 3683 1209 3740 aad

266 3765 343 3820 etlam
361 3777 442 3818 senet
461 3763 571 3821 abiecit:
591 3765 668 3821 vultu
681 3782 708 3820 ee
719 3763 807 3822 atalia
818 3780 917 3824 natura
930 3767 1094 3844 praeferent
1105 3762 1205 3830 arieti,

268 3854 300 3899 ut
320 3837 421 3898 rediret
439 3844 469 3900 io
489 3842 635 3902 tanriviurt
654 3845 764 3900 monuit.
