3109 4934
412 545 479 616 204
639 527 896 602 Atnxtonnl
921 529 1078 602 OBITVS

414 707 442 758 r)
473 677 610 760 omnin
630 676 726 776 ribi,
755 705 855 776 rex,
884 679 1190 788 scribereqture
1209 706 1341 790 penes

411 827 440 880 >›
473 825 550 882 nos
592 797 684 882 sint
725 797 823 882 Non
864 799 976 908 quod
1017 793 1141 880 fidem
1172 799 1340 909 scriptis

411 945 439 998 »
473 918 643 1034 deroget
671 917 753 1000 ulla
782 913 983 1029 suspicio,
1013 915 1085 998 sed
1099 935 1145 997 ut
1174 916 1338 1027 plenius

411 1064 439 1117 >r
473 1065 617 1122 noscas
659 1055 702 1118 et
745 1034 846 1147 quid
881 1035 998 1147 operi
1026 1034 1158 1149 precii
1187 1035 1337 1120 sititis

413 1185 441 1234 n
471 1156 719 1267 quicumque
749 1154 889 1238 hostili
913 1153 1076 1239 fervore
1099 1153 1144 1234 in
1167 1183 1244 1238 nos
1263 1181 1337 1239 cn-

411 1301 440 1354 »
469 1273 586 1386 piant
614 1271 799 1356 militare.
828 1275 1056 1358 Commune
1085 1271 1238 1386 quippe
1256 1275 1338 1356 hu-

410 1422 439 1472 >›
468 1391 672 1476 manitrtis
692 1393 872 1476 studium
891 1421 982 1476 esse
1002 1391 1260 1492 arbitramur,
1288 1393 1336 1474 in

410 1541 653 1625 »quaeque
695 1511 823 1594 dubia
864 1539 1033 1596 ausuros
1075 1511 1181 1594 nihil
1217 1513 1335 1624 prins

409 1659 437 1710 »
470 1660 594 1744 quam
635 1631 955 1716 emolumentum
995 1629 1149 1714 laboris
1183 1629 1338 1714 intueri

410 1781 439 1830 >›
470 1771 669 1866 oportere.
701 1747 813 1833 Scito
838 1749 980 1866 igitur·
997 1748 1180 1864 primum
1199 1751 1336 1834 coiere

407 1899 437 1950 >›
470 1900 544 1954 nos
563 1869 892 1953 interamnnnum
911 1899 935 1952 n
951 1870 1198 1954 Machonico
1212 1890 1249 1944 (ι)
1262 1872 1339 1952 flu·

408 2018 437 2068 u
467 1987 577 2072 mine
607 1990 745 2072 locum
775 2017 940 2072 omnem
968 2019 1051 2100 quo
1073 1987 1335 2074 consistimus

409 2137 437 2187 >›
468 2109 665 2192 ambitum
681 2129 717 2184 <o
732 2144 752 2206 ‚=
774 2137 826 2193 eo
844 2111 994 2192 fluente
1012 2107 1176 2191 circiter
1194 2107 1337 2221 spacio

408 2257 436 2306 >›
466 2257 550 2340 quo
578 2246 614 2308 (ὃ)
644 2255 725 2311 uun
767 2226 821 2312 sit
867 2227 1063 2311 nditicnla
1097 2257 1229 2342 enque
1263 2227 1335 2312 vix

406 2375 433 2426 ›>
467 2349 618 2432 accolis
661 2367 785 2445 note,
832 2376 914 2461 qua
957 2368 1113 2460 septem
1168 2347 1336 2430 flumina

408 2495 435 2545 >r
467 2467 532 2554 vel
578 2465 760 2578 inrumpi
810 2487 997 2580 oporteat
1040 2466 1105 2550 vel
1147 2467 1333 2582 emergi:

409 2617 436 2664 u
467 2585 637 2700 eiusque
680 2584 788 2670 alvei
807 2619 813 2630 ·
831 2606 944 2669 tanto
986 2605 1048 2670 est
1086 2581 1335 2688 difficultas,

408 2735 436 2784 >›
466 2727 617 2817 quanto
630 2732 706 2788 nos
726 2733 751 2788 a
773 2705 986 2818 quibusvis
1005 2701 1201 2817 periculis
1221 2726 1335 2789 tuen·

408 2857 435 2904 >r
471 2846 547 2908 tur.

466 2945 610 3030 LXXI.
622 2930 649 3025 >i
666 2944 758 3026 Hoc
774 2941 901 3056 igitur
913 2941 1072 3026 tantillo
1083 2940 1128 3024 in
1144 2945 1240 3026 loco
1259 2946 1335 3026 du·

408 3095 436 3146 »
467 3087 587 3148 centa
616 3063 729 3146 milia
757 3061 967 3176 virginum
996 3061 1179 3162 coimus,
1219 3063 1334 3146 nullo

441 3337 475 3384 (ι)
493 3333 552 3377 coo.
570 3332 709 3378 aaronem
737 3331 770 3386 (Ι)
787 3331 915 3394 Corique
931 3341 965 3377 ur.

445 3505 486 3568 (r)
506 3499 588 3554 Haud
609 3504 670 3554 ecio
691 3519 725 3554 ιη
746 3503 901 3556 dicendum
921 3505 1103 3560 Mochionr'ro
1122 3506 1258 3575 qnoniam
1279 3507 1336 3559 Ar·

407 3578 506 3630 rianur
527 3581 538 3640 (
549 3577 648 3653 prripl.
670 3581 771 3632 Burin.
792 3581 803 3644 )
826 3578 997 3634 Machelones
1016 3581 1138 3650 populor
1158 3582 1336 3637 collocer-in

407 3652 560 3718 Colchide,
581 3671 656 3722 quae
675 3655 758 3723 vulgo
778 3655 909 3708 ereditur
928 3657 1010 3709 rede·
1022 3659 1209 3716 Annonam.
1225 3659 1336 3714 Temen

408 3745 436 3782 et
455 3731 621 3803 Macheeegos
650 3733 772 3798 populor
807 3729 869 3783 fere
897 3747 963 3800 porr
981 3732 1166 3790 Oxidrenesn
1187 3737 1336 3810 regionem

406 3805 514 3864 rideris
535 3807 566 3862 in
585 3804 741 3862 Ptolemaei
762 3805 849 3861 Aris·
868 3807 1094 3867 uberi-‘vuum
1113 3814 1142 3867 b.
