3109 4934
387 517 433 587 44
694 483 991 565 'trtntnnuvn

385 671 526 728 morae
557 639 871 726 abscindendae:
901 638 1094 755 inopinus
1105 661 1140 720 (ιι
1165 666 1335 758 super·⁴

386 761 499 849 venit
552 762 690 859 Beso‚
730 759 1098 875 confligentemque
1132 764 1313 876 dampno

385 911 470 965 non
509 880 591 965 levi
626 879 823 994 dispergit
857 899 898 962 et
936 879 1092 964 dissicit
1121 882 1314 996 pervim

386 1005 491 1086 clam
521 998 619 1114 fuga
640 999 691 1084 de
713 1000 850 1082 medio
867 1017 901 1074 ι’)
920 997 1134 1112 dilapsum.
1165 1002 1337 1114 Ibique,

306 1121 307 1124 ‘
384 1118 593 1233 reperiunt
612 1117 786 1203 Darium
801 1123 1037 1224 intersectum
1054 1151 1083 1201 o
1100 1120 1186 1203 suis
1197 1143 1219 1194 t
1218 1142 1229 1192 ι
1242 1119 1315 1232 qui

386 1242 491 1322 Beso
522 1267 604 1322 uns
634 1235 844 1353 fugissent.
875 1238 1015 1341 Quare
1044 1268 1193 1353 corpus
1225 1238 1316 1351 qui
1336 1323 1344 1330 ,

388 1356 482 1442 dem
516 1361 676 1441 honore
710 1355 841 1470 regali
881 1356 1083 1442 maiorum
1119 1358 1209 1442 eius
1245 1388 1313 1442 se·

384 1476 567 1592 pulchris
597 1473 741 1561 inferri
770 1475 894 1560 iubet.

201 1615 371 1730 „mgr
309 1615 371 1660 ιιι·
446 1597 570 1686 LXX
603 1598 699 1711 Ipse
728 1624 830 1680 vero
854 1593 1117 1710 Hyrcaniae,
1162 1597 1315 1708 quibus

203 1699 370 1813 ,iiiiiun
386 1717 520 1802 visum
551 1716 663 1799 ad'
651 1714 864 1829 mgenium
903 1714 983 1800 loci
1026 1744 1074 1799 ac
1118 1714 1314 1829 temporis

385 1834 716 1973 reversionisque
773 1835 1035 1920 commodum
1078 1833 1316 1949 superposi-

387 1956 457 2054 tis,
482 1953 672 2038 Besum
660 1951 907 2066 insequitur,
936 1948 996 2036 sic
1021 1953 1158 2036 animo
1176 1949 1316 2036 firma·

387 2071 455 2157 tus'
473 2095 518 2156 ut
540 2069 828 2186 quadrifariam
849 2087 885 2140 (ι)
905 2069 1065 2210 fugiens
1084 2074 1314 2158 vallaretur.

386 2194 576 2305 Denique
630 2190 704 2274 ubi
753 2219 919 2305 campos
946 2193 1176 2306 ingressus
1217 2211 1316 2290 est,

386 2310 534 2396 victori
564 2343 607 2398 se
637 2313 793 2395 dedunt
816 2312 1047 2396 Abraxures
1076 2341 1160 2395 una
1187 2313 1318 2394 Phra·

387 2433 584 2544 tapherne
614 2451 807 2544 senape:
840 2433 968 2514 Besus
997 2429 1181 2514 elabitur.
1223 2429 1317 2532 Qua

388 2578 488 2634 cura
520 2547 704 2662 deposita
737 2579 811 2634 seu
846 2549 987 2649 dilata,
1006 2578 1101 2634 suos
1124 2579 1199 2665 per
1226 2549 1320 2634 loca

386 2667 511 2769 belli,
541 2670 680 2781 siquos
717 2667 956 2780 reliquerat,
982 2668 1224 2784 congregari
1252 2669 1318 2752 iu·

387 2792 484 2888 bet,
518 2786 763 2901 refectisque
793 2787 858 2871 his
882 2789 1089 2899 quatridui
1105 2819 1221 2874 mora
1234 2785 1319 2871 xa·
1347 2869 1351 2876 .

388 2927 549 2992 zacerta
581 2906 642 2990 ire
675 2906 858 2991 decernit
875 2924 911 2982 (ιι
935 2909 1080 2992 urbem
1104 2907 1188 2992 illic
1214 2907 1320 2991 nihil

389 3029 568 3142 optimae
585 3027 941 3140 posthabendum,
961 3057 1086 3140 quam
1103 3026 1319 3142 praemissi

387 3145 431 3228 in
467 3149 547 3231 hoc
596 3148 649 3230 ab
698 3145 934 3230 Alexandro
983 3150 1355 3235 moderabantur..

388 3267 467 3347 Sed
509 3286 761 3350 concurrunt
803 3265 918 3378 prius
971 3267 1094 3349 etiam
1144 3264 1317 3379 impedi-

388 3385 525 3466 menta
569 3383 742 3497 agminis
788 3383 973 3472 universi
1009 3408 1040 3462 tet
1082 3385 1175 3469 loco
1221 3383 1319 3467 belli

422 3565 634 3628 tatooatmp·
644 3567 869 3629 (sesama
857 3555 1138 3631 uas-jetur·
1073 3567 1321 3630 artemam«

391 3633 543 3694 responset»
559 3649 684 3680 mutu
686 3634 896 3690 (dtcodde'rc
897 3637 962 3682 erate.
988 3637 1159 3692 (neodem

300 3777 305 3787 “
429 3769 470 3834 (ι)
489 3765 557 3820 Ar
515 3785 614 3821 rrteou
616 3784 629 3821 ι
649 3767 703 3823 111
724 3767 771 3824 23.
790 3771 832 3825 rit
850 3769 1065 3831 Alexandrum
1058 3783 1245 3842 insequamur
1258 3785 1321 3824 ecre

388 3839 491 3900 Rerum
511 3845 657 3917 tripartito
676 3845 815 3904 exercitu.
