3109 4934
564 543 842 616 assuimur.
890 527 893 534 ’
1121 531 1165 636 69
1201 529 1204 534 ’

233 698 407 780 edictum
436 691 510 778 sibi
528 694 697 779 urbicoc
720 697 995 808 pontiacense
1021 694 1170 803 suisque

234 817 431 900 excidium
458 817 692 899 meminisset
720 833 770 894 ιι).

72 951 153 1014 ῡνιι
155 953 220 1000 ιϊ·
296 933 418 1018 LVII.
448 933 540 1046 Ipse
562 953 700 1016 autem
718 953 755 1008 <o
776 933 830 1016 ad
850 931 1058 1017 civitatem
1078 931 1181 1030 Pie,

41 1027 111 1068 ω’
115 1023 182 1068 ’Μ
234 1054 339 1138 riam
370 1082 476 1188 <puae
506 1052 771 1138 Habruchiee
801 1073 838 1128 ιι)
868 1055 967 1135 urbs
996 1052 1170 1135 babetur

233 1174 313 1258 iter
333 1173 441 1256 exim
459 1170 582 1257 fecit:
620 1200 701 1286 qua
718 1173 765 1256 in
785 1173 888 1256 urbe
909 1191 951 1254 et
970 1172 1169 1285 templum

234 1293 453 1409 opiparum
486 1314 527 1376 et
569 1291 832 1376 simulacrum
874 1289 1035 1404 Orphei
1080 1311 1170 1375 erat

233 1412 455 1496 admodum
509 1412 760 1526 religiosum.
814 1410 975 1494 Ibidem
1024 1437 1166 1494 musae

233 1534 358 1616 etiam
387 1527 571 1614 Pierides
604 1552 868 1616 consecratae
895 1531 1166 1666 videbantur,

230 1679 395 1762 unaque
421 1649 687 1766 omnigentlm
710 1648 906 1766 figmenta
937 1648 1169 1736 viventium

234 1767 396 1883 Orphei
416 1767 613 1856 musicam
634 1771 888 1854 demirantia
911 1766 1052 1851 Cum
1039 1768 1168 1882 agitur

233 1888 515 1974 admirationis
569 1890 704 1973 studio
756 1889 1022 1974 simulacrum
1063 1885 1167 1971 illud

232 2009 464 2093 Alexander
505 2009 734 2096 intueretur
761 2045 784 2106 ‚·
823 2009 949 2092 sudor
990 2028 1163 2122 repente

212 2131 436 2244 profluere
467 2149 508 2212 et
535 2158 610 2243 per
641 2157 763 2212 omne
807 2125 1017 2212 simulacri
1053 2126 1163 2212 illius

267 2360 302 2413 (a)
321 2357 382 2403 coe.
399 2368 481 2404 tanen

271 2519 314 2587 (ι)
334 2514 440 2572 lolium
459 2515 611 2572 Valerium
631 2535 682 2572 aen
702 2519 845 2589 Aesopum
865 2517 969 2574 locatis
999 2517 1165 2574 fabularum

232 2591 441 2650 decoramentis
456 2595 605 2649 veritatem
633 2612 838 2666 saepenumero
861 2596 1036 2651 adumbrare
1056 2613 1091 2650 ex
1109 2597 1165 2651 boo

230 2670 326 2742 Opere
346 2685 405 2726 toto
426 2684 547 2726 conatae.
577 2670 709 2726 lamveru
739 2673 898 2730 Alexandri
928 2675 1086 2744 scriptores
1108 2675 1167 2727 sin·

230 2749 292 2804 eeri
311 2747 458 2805 Diodorus
478 2761 552 2803 xvu.
576 2762 617 2821 17.
645 2747 773 2806 lustinus
794 2765 837 2805 ιι.
858 2748 885 2806 5.
915 2751 1045 2822 (Confer
1066 2763 1095 2804 et
1113 2748 1167 2804 Iti·

229 2827 339 2881 nerarii
366 2828 522 2882 Auctorem
553 2845 618 2898 cap.
638 2830 751 2899 xvru.)
778 2827 1166 2898 narrant,‚blerandruna,

229 2919 317 2975 quom
337 2901 522 2976 Hellesponto
553 2904 723 2960 tranamisso
743 2903 843 2960 baiana
862 2916 938 2958 estet
957 2917 1167 2972 contacturns,

230 2979 318 3036 telum
331 2982 360 3036 in
373 2980 454 3036 littus
468 2981 588 3050 iecisse,
599 2999 659 3053 quo
672 2979 730 3036 sibi
745 2981 829 3036 omen
840 2982 951 3036 iaceret
964 2981 1089 3052 regionis
1103 2980 1166 3035 eins

228 3056 308 3112 bello
327 3057 532 3130 acquirendae.
552 3059 593 3114 Ex
612 3061 667 3113 bac
682 3059 807 3130 genuina
819 3057 988 3114 narratione
1002 3057 1167 3131 figmentum

227 3135 327 3188 baatae
346 3135 377 3190 in
397 3133 494 3192 Tauro
513 3147 609 3191 monte
629 3133 739 3190 delixae
757 3148 857 3191 natam
878 3135 1020 3206 suspicor.

267 3215 309 3280 (a)
331 3211 375 3267 Ita
395 3213 459 3269 coil.
480 3213 582 3284 Neque
612 3211 716 3266 melius
744 3231 775 3268 se
805 3213 895 3268 babet
924 3211 1017 3267 codex
1045 3228 1165 3283 graecos

229 3286 340 3359 inquo
361 3287 672 3366 legitnrsrnpoyioeroc
692 3286 740 3346 a‘sri
760 3289 815 3355 ria
830 3287 988 3364 ‘impios
1009 3292 1059 3358 τῆς
1078 3287 1138 3364 Eslp
1139 3311 1168 3346 s·-

230 3361 306 3435 ssiee.
322 3365 383 3420 Im
398 3365 521 3424 Pieriam
537 3366 611 3421 dicit
623 3367 725 3421 urbem
737 3365 871 3422 Boeotiae
891 3364 1009 3422 Testaea
1035 3367 1105 3423 citt.
1124 3380 1167 3423 ιι.

227 3457 276 3519 90.
304 3443 406 3514 Neque
435 3444 599 3535 probabilia
619 3441 734 3498 videtur
765 3447 935 3500 coniectura
954 3447 1015 3498 eius
1036 3443 1093 3499 riri
1113 3444 1166 3516 qui

228 3519 322 3573 multo
342 3523 504 3576 reeentIore
523 3537 610 3575 mann
629 3520 749 3590 scripsit
776 3521 805 3576 in
826 3522 938 3576 codicis
957 3521 1085 3592 margine
1105 3527 1168 3577 Ara·

205 3594 351 3652 'draelsiae
365 3596 441 3666 sorte
460 3595 609 3674 legendum.
630 3596 763 3654 Ceterum
780 3617 835 3654 nec
849 3599 899 3654 alia
911 3613 1070 3670 scriptores
1090 3599 1175 3654 inter.

229 3689 262 3725 se
282 3673 472 3730 consentiunt.
493 3675 567 3730 Nam·
585 3675 727 3730 Arrianus
747 3675 866 3748 quidem
885 3674 910 3730 1
933 3692 975 3732 ιι.
992 3677 1022 3731 id
1040 3675 1169 3750 prodigii

231 3749 379 3805 accidisae
400 3749 557 3810 scribitis
579 3749 703 3826 illepidi.
728 3755 778 3808 sed
802 3753 972 3808 l'lntarcbna
1003 3771 1033 3824 p.
1063 3767 1109 3808 nr.
1140 3764 1171 3806 st

231 3824 347 3882 'l'aetm
379 3831 448 3886 ciii.
476 3843 517 3886 rr.
543 3845 589 3906 9¹·
621 3829 659 3884 sil
689 3823 793 3886 nrbein
812 3849 864 3886 sen
882 3831 991 3893 iontem
1008 3838 1171 3893 naontemss

233 3899 392 3980 aeleram
