<?xml version="1.0" encoding="UTF-8"?>
<!DOCTYPE html PUBLIC "-//W3C//DTD XHTML 1.0 Transitional//EN"
    "http://www.w3.org/TR/xhtml1/DTD/xhtml1-transitional.dtd">
<html xmlns="http://www.w3.org/1999/xhtml" xml:lang="en" lang="en">
 <head>
  <title>
</title>
<meta http-equiv="Content-Type" content="text/html;charset=utf-8" />
  <meta name='ocr-system' content='tesseract 3.04.00' />
  <meta name='ocr-capabilities' content='ocr_page ocr_carea ocr_par ocr_line ocrx_word'/>
</head>
<body>
  <div class='ocr_page' id='page_1' title='image "./itinerariumalex00unkngoog/itinerariumalex00unkngoog_0028.png"; bbox 0 0 3109 4934; ppageno 0'>
   <div class='ocr_carea' id='block_1_1' title="bbox 360 400 926 478">
    <p class='ocr_par' dir='ltr' id='par_1_1' title="bbox 360 400 926 478">
     <span class='ocr_line' id='line_1_1' title="bbox 360 400 926 478; baseline -0.004 -2"><span class='ocrx_word' id='word_1_1' title='bbox 360 427 427 478; x_wconf 80' lang='lat' dir='ltr'>nv</span> <span class='ocrx_word' id='word_1_2' title='bbox 716 400 926 475; x_wconf 82' lang='lat' dir='ltr'>EDlTORlS</span> 
     </span>
    </p>
   </div>
   <div class='ocr_carea' id='block_1_2' title="bbox 177 545 1292 744">
    <p class='ocr_par' dir='ltr' id='par_1_2' title="bbox 177 545 1292 744">
     <span class='ocr_line' id='line_1_2' title="bbox 233 545 1291 646; baseline 0.002 -28"><span class='ocrx_word' id='word_1_3' title='bbox 233 595 344 646; x_wconf 46' lang='lat' dir='ltr'>mu</span> <span class='ocrx_word' id='word_1_4' title='bbox 408 549 450 618; x_wconf 86' lang='lat' dir='ltr'>V.</span> <span class='ocrx_word' id='word_1_5' title='bbox 474 547 576 618; x_wconf 88' lang='lat' dir='ltr'>Nunc</span> <span class='ocrx_word' id='word_1_6' title='bbox 600 549 668 618; x_wconf 89' lang='lat' dir='ltr'>etti</span> <span class='ocrx_word' id='word_1_7' title='bbox 692 547 837 618; x_wconf 86' lang='lat' dir='ltr'>difficile</span> <span class='ocrx_word' id='word_1_8' title='bbox 865 565 920 617; x_wconf 89' lang='lat' dir='ltr'>est</span> <span class='ocrx_word' id='word_1_9' title='bbox 940 545 1063 616; x_wconf 86' lang='lat' dir='ltr'>stilum</span> <span class='ocrx_word' id='word_1_10' title='bbox 1080 564 1117 617; x_wconf 92' lang='lat' dir='ltr'>et</span> <span class='ocrx_word' id='word_1_11' title='bbox 1139 547 1291 620; x_wconf 82' lang='lat' dir='ltr'>sormam</span> 
     </span>
     <span class='ocr_line' id='line_1_3' title="bbox 177 641 1292 744; baseline 0.001 -33"><span class='ocrx_word' id='word_1_12' title='bbox 177 664 253 712; x_wconf 62' lang='lat' dir='ltr'>su.</span> <span class='ocrx_word' id='word_1_13' title='bbox 362 649 377 732; x_wconf 91' lang='lat'><strong>(</strong></span> <span class='ocrx_word' id='word_1_14' title='bbox 412 645 488 714; x_wconf 82' lang='lat' dir='ltr'>tite</span> <span class='ocrx_word' id='word_1_15' title='bbox 528 642 759 744; x_wconf 73' lang='grc' dir='ltr'><strong><em>χαρακτῆρα</em></strong></span> <span class='ocrx_word' id='word_1_16' title='bbox 796 660 836 710; x_wconf 92' lang='lat' dir='ltr'>ut</span> <span class='ocrx_word' id='word_1_17' title='bbox 873 643 1001 710; x_wconf 84' lang='lat' dir='ltr'>Graeci</span> <span class='ocrx_word' id='word_1_18' title='bbox 1045 641 1243 734; x_wconf 85' lang='lat' dir='ltr'>loquuntur</span> <span class='ocrx_word' id='word_1_19' title='bbox 1274 649 1292 730; x_wconf 68' lang='lat' dir='ltr'>y</span> 
     </span>
    </p>
   </div>
   <div class='ocr_carea' id='block_1_3' title="bbox 360 733 1307 3254">
    <p class='ocr_par' dir='ltr' id='par_1_3' title="bbox 360 733 1307 3254">
     <span class='ocr_line' id='line_1_4' title="bbox 363 733 1290 831; baseline 0 -25"><span class='ocrx_word' id='word_1_20' title='bbox 363 759 545 831; x_wconf 80' lang='lat' dir='ltr'>exponere</span> <span class='ocrx_word' id='word_1_21' title='bbox 562 739 730 806; x_wconf 82' lang='lat' dir='ltr'>ductoris</span> <span class='ocrx_word' id='word_1_22' title='bbox 755 733 913 804; x_wconf 88' lang='lat' dir='ltr'>nondum</span> <span class='ocrx_word' id='word_1_23' title='bbox 929 733 1077 828; x_wconf 90' lang='lat' dir='ltr'>publico</span> <span class='ocrx_word' id='word_1_24' title='bbox 1092 754 1178 805; x_wconf 82' lang='lat' dir='ltr'>voto</span> <span class='ocrx_word' id='word_1_25' title='bbox 1193 737 1290 806; x_wconf 87' lang='lat' dir='ltr'>iudi·</span> 
     </span>
     <span class='ocr_line' id='line_1_5' title="bbox 363 826 1292 920; baseline 0.002 -22"><span class='ocrx_word' id='word_1_26' title='bbox 363 834 459 914; x_wconf 74' lang='lat' dir='ltr'>cati,</span> <span class='ocrx_word' id='word_1_27' title='bbox 487 849 607 900; x_wconf 89' lang='lat' dir='ltr'>tamen</span> <span class='ocrx_word' id='word_1_28' title='bbox 632 848 671 897; x_wconf 92' lang='lat' dir='ltr'>nt</span> <span class='ocrx_word' id='word_1_29' title='bbox 695 850 775 898; x_wconf 83' lang='lat' dir='ltr'>tneo</span> <span class='ocrx_word' id='word_1_30' title='bbox 801 851 901 899; x_wconf 89' lang='lat' dir='ltr'>more</span> <span class='ocrx_word' id='word_1_31' title='bbox 919 828 1058 920; x_wconf 85' lang='lat' dir='ltr'>aliquid</span> <span class='ocrx_word' id='word_1_32' title='bbox 1081 829 1207 898; x_wconf 81' lang='lat' dir='ltr'>timide</span> <span class='ocrx_word' id='word_1_33' title='bbox 1232 826 1292 900; x_wconf 85' lang='lat' dir='ltr'>di··</span> 
     </span>
     <span class='ocr_line' id='line_1_6' title="bbox 363 920 1291 1016; baseline 0.001 -24"><span class='ocrx_word' id='word_1_34' title='bbox 363 926 465 1008; x_wconf 84' lang='lat' dir='ltr'>cam,</span> <span class='ocrx_word' id='word_1_35' title='bbox 489 923 521 992; x_wconf 91' lang='lat' dir='ltr'>is</span> <span class='ocrx_word' id='word_1_36' title='bbox 544 921 632 992; x_wconf 89' lang='lat' dir='ltr'>mihi</span> <span class='ocrx_word' id='word_1_37' title='bbox 651 921 798 1016; x_wconf 89' lang='lat' dir='ltr'>quidem</span> <span class='ocrx_word' id='word_1_38' title='bbox 810 920 954 990; x_wconf 84' lang='lat' dir='ltr'>videtur</span> <span class='ocrx_word' id='word_1_39' title='bbox 970 921 1170 1002; x_wconf 78' lang='lat' dir='ltr'>eiusmodi,</span> <span class='ocrx_word' id='word_1_40' title='bbox 1186 928 1291 993; x_wconf 80' lang='lat' dir='ltr'>cuius</span> 
     </span>
     <span class='ocr_line' id='line_1_7' title="bbox 362 1013 1291 1090; baseline -0.004 -2"><span class='ocrx_word' id='word_1_41' title='bbox 362 1021 440 1090; x_wconf 83' lang='lat' dir='ltr'>sive</span> <span class='ocrx_word' id='word_1_42' title='bbox 465 1018 680 1088; x_wconf 76' lang='lat' dir='ltr'>latinitatem</span> <span class='ocrx_word' id='word_1_43' title='bbox 706 1017 782 1085; x_wconf 86' lang='lat' dir='ltr'>sive</span> <span class='ocrx_word' id='word_1_44' title='bbox 807 1013 1067 1083; x_wconf 89' lang='lat' dir='ltr'>elocutionem·</span> <span class='ocrx_word' id='word_1_45' title='bbox 1089 1013 1186 1085; x_wconf 88' lang='lat' dir='ltr'>docti</span> <span class='ocrx_word' id='word_1_46' title='bbox 1222 1016 1291 1084; x_wconf 82' lang='lat' dir='ltr'>lao-</span> 
     </span>
     <span class='ocr_line' id='line_1_8' title="bbox 361 1107 1291 1204; baseline -0.003 -23"><span class='ocrx_word' id='word_1_47' title='bbox 361 1113 479 1182; x_wconf 88' lang='lat' dir='ltr'>mines</span> <span class='ocrx_word' id='word_1_48' title='bbox 501 1134 575 1179; x_wconf 88' lang='lat' dir='ltr'>non</span> <span class='ocrx_word' id='word_1_49' title='bbox 600 1125 853 1188; x_wconf 78' lang='lat' dir='ltr'>contemnant,</span> <span class='ocrx_word' id='word_1_50' title='bbox 891 1107 1095 1204; x_wconf 71' lang='lat' dir='ltr'>dignatque</span> <span class='ocrx_word' id='word_1_51' title='bbox 1132 1113 1291 1202; x_wconf 87' lang='lat' dir='ltr'>scriptor</span> 
     </span>
     <span class='ocr_line' id='line_1_9' title="bbox 362 1199 1291 1300; baseline -0.002 -27"><span class='ocrx_word' id='word_1_52' title='bbox 362 1206 425 1296; x_wconf 88' lang='lat' dir='ltr'>qni</span> <span class='ocrx_word' id='word_1_53' title='bbox 450 1207 488 1273; x_wconf 92' lang='lat' dir='ltr'>in</span> <span class='ocrx_word' id='word_1_54' title='bbox 512 1205 713 1272; x_wconf 85' lang='lat' dir='ltr'>litterarum</span> <span class='ocrx_word' id='word_1_55' title='bbox 736 1199 819 1270; x_wconf 90' lang='lat' dir='ltr'>lnce</span> <span class='ocrx_word' id='word_1_56' title='bbox 843 1221 1092 1300; x_wconf 78' lang='lat' dir='ltr'>cognoscatur.</span> <span class='ocrx_word' id='word_1_57' title='bbox 1117 1203 1291 1300; x_wconf 73' lang='lat' dir='ltr'>Linguam</span> 
     </span>
     <span class='ocr_line' id='line_1_10' title="bbox 362 1293 1289 1390; baseline -0.004 -24"><span class='ocrx_word' id='word_1_58' title='bbox 362 1296 509 1390; x_wconf 87' lang='lat' dir='ltr'>quidem</span> <span class='ocrx_word' id='word_1_59' title='bbox 522 1295 632 1363; x_wconf 81' lang='lat' dir='ltr'>liuius</span> <span class='ocrx_word' id='word_1_60' title='bbox 648 1317 755 1364; x_wconf 88' lang='lat' dir='ltr'>uerno</span> <span class='ocrx_word' id='word_1_61' title='bbox 773 1293 963 1364; x_wconf 85' lang='lat' dir='ltr'>bsrbsram</span> <span class='ocrx_word' id='word_1_62' title='bbox 979 1294 1095 1374; x_wconf 69' lang='lat' dir='ltr'>dicat,</span> <span class='ocrx_word' id='word_1_63' title='bbox 1116 1299 1289 1388; x_wconf 86' lang='lat' dir='ltr'>quonism</span> 
     </span>
     <span class='ocr_line' id='line_1_11' title="bbox 361 1387 1291 1482; baseline -0.001 -25"><span class='ocrx_word' id='word_1_64' title='bbox 361 1388 497 1457; x_wconf 90' lang='lat' dir='ltr'>saeculi</span> <span class='ocrx_word' id='word_1_65' title='bbox 522 1391 641 1480; x_wconf 88' lang='lat' dir='ltr'>quarti</span> <span class='ocrx_word' id='word_1_66' title='bbox 666 1406 830 1457; x_wconf 75' lang='lat' dir='ltr'>auctores</span> <span class='ocrx_word' id='word_1_67' title='bbox 853 1387 971 1456; x_wconf 87' lang='lat' dir='ltr'>adhuc</span> <span class='ocrx_word' id='word_1_68' title='bbox 993 1389 1033 1456; x_wconf 92' lang='lat' dir='ltr'>iu</span> <span class='ocrx_word' id='word_1_69' title='bbox 1047 1389 1221 1482; x_wconf 83' lang='lat' dir='ltr'>exemplis</span> <span class='ocrx_word' id='word_1_70' title='bbox 1237 1390 1291 1456; x_wconf 91' lang='lat' dir='ltr'>la·</span> 
     </span>
     <span class='ocr_line' id='line_1_12' title="bbox 362 1478 1291 1550; baseline 0 0"><span class='ocrx_word' id='word_1_71' title='bbox 362 1483 515 1550; x_wconf 88' lang='lat' dir='ltr'>tinitstis</span> <span class='ocrx_word' id='word_1_72' title='bbox 540 1481 748 1550; x_wconf 82' lang='lat' dir='ltr'>laudamus:</span> <span class='ocrx_word' id='word_1_73' title='bbox 771 1478 833 1548; x_wconf 86' lang='lat' dir='ltr'>hic</span> <span class='ocrx_word' id='word_1_74' title='bbox 848 1498 968 1550; x_wconf 86' lang='lat' dir='ltr'>autent</span> <span class='ocrx_word' id='word_1_75' title='bbox 992 1499 1075 1550; x_wconf 89' lang='lat' dir='ltr'>ante</span> <span class='ocrx_word' id='word_1_76' title='bbox 1097 1481 1291 1550; x_wconf 89' lang='lat' dir='ltr'>dimidium</span> 
     </span>
     <span class='ocr_line' id='line_1_13' title="bbox 362 1573 1290 1644; baseline 0.001 -1"><span class='ocrx_word' id='word_1_77' title='bbox 362 1575 441 1644; x_wconf 89' lang='lat' dir='ltr'>eins</span> <span class='ocrx_word' id='word_1_78' title='bbox 466 1575 601 1644; x_wconf 85' lang='lat' dir='ltr'>saeculi</span> <span class='ocrx_word' id='word_1_79' title='bbox 627 1573 809 1644; x_wconf 81' lang='lat' dir='ltr'>scribendi</span> <span class='ocrx_word' id='word_1_80' title='bbox 823 1574 928 1644; x_wconf 85' lang='lat' dir='ltr'>laude</span> <span class='ocrx_word' id='word_1_81' title='bbox 953 1575 1290 1644; x_wconf 66' lang='lat' dir='ltr'>elcesaitarum</span> 
     </span>
     <span class='ocr_line' id='line_1_14' title="bbox 360 1668 1290 1763; baseline 0 -27"><span class='ocrx_word' id='word_1_82' title='bbox 360 1669 429 1737; x_wconf 90' lang='lat' dir='ltr'>etsi</span> <span class='ocrx_word' id='word_1_83' title='bbox 454 1669 565 1738; x_wconf 89' lang='lat' dir='ltr'>latina</span> <span class='ocrx_word' id='word_1_84' title='bbox 591 1669 736 1763; x_wconf 80' lang='lat' dir='ltr'>ingania</span> <span class='ocrx_word' id='word_1_85' title='bbox 761 1671 908 1760; x_wconf 89' lang='lat' dir='ltr'>pressit·</span> <span class='ocrx_word' id='word_1_86' title='bbox 926 1668 967 1736; x_wconf 90' lang='lat' dir='ltr'>in</span> <span class='ocrx_word' id='word_1_87' title='bbox 1003 1674 1107 1760; x_wconf 87' lang='lat' dir='ltr'>peius</span> <span class='ocrx_word' id='word_1_88' title='bbox 1144 1669 1290 1762; x_wconf 86' lang='lat' dir='ltr'>imperii</span> 
     </span>
     <span class='ocr_line' id='line_1_15' title="bbox 362 1760 1290 1856; baseline 0.001 -26"><span class='ocrx_word' id='word_1_89' title='bbox 362 1762 576 1843; x_wconf 77' lang='lat' dir='ltr'>inclinatio,</span> <span class='ocrx_word' id='word_1_90' title='bbox 602 1763 651 1829; x_wconf 85' lang='lat' dir='ltr'>ita</span> <span class='ocrx_word' id='word_1_91' title='bbox 677 1779 715 1828; x_wconf 88' lang='lat' dir='ltr'>ut</span> <span class='ocrx_word' id='word_1_92' title='bbox 744 1765 959 1853; x_wconf 86' lang='lat' dir='ltr'>scriptorum</span> <span class='ocrx_word' id='word_1_93' title='bbox 999 1760 1133 1856; x_wconf 69' lang='lat' dir='ltr'>gradus</span> <span class='ocrx_word' id='word_1_94' title='bbox 1168 1781 1205 1832; x_wconf 90' lang='lat' dir='ltr'>et</span> <span class='ocrx_word' id='word_1_95' title='bbox 1227 1785 1290 1856; x_wconf 79' lang='lat' dir='ltr'>ge-</span> 
     </span>
     <span class='ocr_line' id='line_1_16' title="bbox 361 1852 1291 1950; baseline -0.001 -27"><span class='ocrx_word' id='word_1_96' title='bbox 361 1877 450 1924; x_wconf 85' lang='lat' dir='ltr'>nera</span> <span class='ocrx_word' id='word_1_97' title='bbox 475 1856 565 1949; x_wconf 88' lang='lat' dir='ltr'>ipsit</span> <span class='ocrx_word' id='word_1_98' title='bbox 589 1853 857 1950; x_wconf 75' lang='lat' dir='ltr'>dintinguantur</span> <span class='ocrx_word' id='word_1_99' title='bbox 879 1852 1083 1936; x_wconf 62' lang='lat' dir='ltr'>natatilium</span> <span class='ocrx_word' id='word_1_100' title='bbox 1116 1857 1291 1925; x_wconf 83' lang='lat' dir='ltr'>Constan-</span> 
     </span>
     <span class='ocr_line' id='line_1_17' title="bbox 362 1947 1289 2017; baseline -0.001 -1"><span class='ocrx_word' id='word_1_101' title='bbox 362 1949 538 2016; x_wconf 81' lang='lat' dir='ltr'>linianum</span> <span class='ocrx_word' id='word_1_102' title='bbox 551 1963 669 2016; x_wconf 87' lang='lat' dir='ltr'>tamen</span> <span class='ocrx_word' id='word_1_103' title='bbox 686 1969 815 2016; x_wconf 83' lang='lat' dir='ltr'>aevum</span> <span class='ocrx_word' id='word_1_104' title='bbox 831 1947 992 2016; x_wconf 88' lang='lat' dir='ltr'>nondum</span> <span class='ocrx_word' id='word_1_105' title='bbox 1007 1971 1149 2017; x_wconf 90' lang='lat' dir='ltr'>omnem</span> <span class='ocrx_word' id='word_1_106' title='bbox 1160 1949 1289 2016; x_wconf 85' lang='lat' dir='ltr'>florem</span> 
     </span>
     <span class='ocr_line' id='line_1_18' title="bbox 361 2041 1290 2138; baseline -0.002 -28"><span class='ocrx_word' id='word_1_107' title='bbox 361 2041 579 2110; x_wconf 90' lang='lat' dir='ltr'>elocutionis</span> <span class='ocrx_word' id='word_1_108' title='bbox 604 2041 827 2138; x_wconf 73' lang='lat' dir='ltr'>infregeratt</span> <span class='ocrx_word' id='word_1_109' title='bbox 856 2041 923 2109; x_wconf 89' lang='lat' dir='ltr'>illa</span> <span class='ocrx_word' id='word_1_110' title='bbox 961 2058 1099 2110; x_wconf 80' lang='lat' dir='ltr'>tantum</span> <span class='ocrx_word' id='word_1_111' title='bbox 1133 2041 1290 2110; x_wconf 80' lang='lat' dir='ltr'>facilitss</span> 
     </span>
     <span class='ocr_line' id='line_1_19' title="bbox 363 2133 1293 2227; baseline 0.001 -25"><span class='ocrx_word' id='word_1_112' title='bbox 363 2156 494 2203; x_wconf 84' lang='lat' dir='ltr'>aureae</span> <span class='ocrx_word' id='word_1_113' title='bbox 519 2133 687 2205; x_wconf 87' lang='lat' dir='ltr'>dictionis</span> <span class='ocrx_word' id='word_1_114' title='bbox 711 2135 920 2227; x_wconf 88' lang='lat' dir='ltr'>flumenque</span> <span class='ocrx_word' id='word_1_115' title='bbox 953 2134 1215 2204; x_wconf 82' lang='lat' dir='ltr'>vocabulorum</span> <span class='ocrx_word' id='word_1_116' title='bbox 1254 2153 1293 2203; x_wconf 90' lang='lat' dir='ltr'>et</span> 
     </span>
     <span class='ocr_line' id='line_1_20' title="bbox 364 2229 1289 2389; baseline 0.001 -94"><span class='ocrx_word' id='word_1_117' title='bbox 364 2230 468 2322; x_wconf 90' lang='lat' dir='ltr'>quati</span> <span class='ocrx_word' id='word_1_118' title='bbox 494 2233 738 2322; x_wconf 84' lang='lat' dir='ltr'>spontaneitas</span> <span class='ocrx_word' id='word_1_119' title='bbox 764 2243 987 2296; x_wconf 79' lang='lat' dir='ltr'>evanueratt</span> <span class='ocrx_word' id='word_1_120' title='bbox 1017 2231 1177 2389; x_wconf 68' lang='lat' dir='ltr'>poiticit</span> <span class='ocrx_word' id='word_1_121' title='bbox 1217 2229 1289 2297; x_wconf 87' lang='lat' dir='ltr'>iam</span> 
     </span>
     <span class='ocr_line' id='line_1_21' title="bbox 361 2318 1289 2414; baseline 0.001 -26"><span class='ocrx_word' id='word_1_122' title='bbox 361 2327 480 2413; x_wconf 78' lang='lat' dir='ltr'>plene</span> <span class='ocrx_word' id='word_1_123' title='bbox 507 2323 647 2413; x_wconf 77' lang='lat' dir='ltr'>tropis,</span> <span class='ocrx_word' id='word_1_124' title='bbox 672 2318 928 2390; x_wconf 73' lang='lat' dir='ltr'>audacioribus</span> <span class='ocrx_word' id='word_1_125' title='bbox 951 2343 1016 2390; x_wconf 86' lang='lat' dir='ltr'>ver</span> <span class='ocrx_word' id='word_1_126' title='bbox 1045 2325 1104 2404; x_wconf 83' lang='lat' dir='ltr'>it,</span> <span class='ocrx_word' id='word_1_127' title='bbox 1142 2320 1289 2414; x_wconf 84' lang='lat' dir='ltr'>adipata</span> 
     </span>
     <span class='ocr_line' id='line_1_22' title="bbox 363 2411 1285 2508; baseline 0.002 -28"><span class='ocrx_word' id='word_1_128' title='bbox 363 2411 516 2505; x_wconf 86' lang='lat' dir='ltr'>quadam</span> <span class='ocrx_word' id='word_1_129' title='bbox 556 2415 841 2508; x_wconf 76' lang='lat' dir='ltr'>compositione,</span> <span class='ocrx_word' id='word_1_130' title='bbox 880 2417 1035 2484; x_wconf 87' lang='lat' dir='ltr'>concisis</span> <span class='ocrx_word' id='word_1_131' title='bbox 1069 2415 1285 2496; x_wconf 84' lang='lat' dir='ltr'>sententiis,</span> 
     </span>
     <span class='ocr_line' id='line_1_23' title="bbox 360 2503 1289 2602; baseline 0.002 -28"><span class='ocrx_word' id='word_1_132' title='bbox 360 2503 542 2574; x_wconf 87' lang='lat' dir='ltr'>interdum</span> <span class='ocrx_word' id='word_1_133' title='bbox 567 2508 676 2574; x_wconf 91' lang='lat' dir='ltr'>etiam</span> <span class='ocrx_word' id='word_1_134' title='bbox 699 2524 773 2576; x_wconf 88' lang='lat' dir='ltr'>non</span> <span class='ocrx_word' id='word_1_135' title='bbox 796 2506 883 2574; x_wconf 83' lang='lat' dir='ltr'>satis</span> <span class='ocrx_word' id='word_1_136' title='bbox 906 2509 1068 2600; x_wconf 75' lang='lat' dir='ltr'>oportit,</span> <span class='ocrx_word' id='word_1_137' title='bbox 1093 2507 1289 2602; x_wconf 86' lang='lat' dir='ltr'>scriptores</span> 
     </span>
     <span class='ocr_line' id='line_1_24' title="bbox 362 2596 1290 2693; baseline 0.001 -25"><span class='ocrx_word' id='word_1_138' title='bbox 362 2596 598 2685; x_wconf 76' lang='lat' dir='ltr'>utebantur(</span> <span class='ocrx_word' id='word_1_139' title='bbox 622 2615 701 2667; x_wconf 88' lang='lat' dir='ltr'>erat</span> <span class='ocrx_word' id='word_1_140' title='bbox 723 2599 818 2669; x_wconf 89' lang='lat' dir='ltr'>enim</span> <span class='ocrx_word' id='word_1_141' title='bbox 833 2599 910 2669; x_wconf 80' lang='lat' dir='ltr'>fere</span> <span class='ocrx_word' id='word_1_142' title='bbox 940 2617 1093 2693; x_wconf 76' lang='lat' dir='ltr'>tenipus⁴</span> <span class='ocrx_word' id='word_1_143' title='bbox 1109 2601 1290 2670; x_wconf 88' lang='lat' dir='ltr'>eiusmodi</span> 
     </span>
     <span class='ocr_line' id='line_1_25' title="bbox 364 2691 1292 2786; baseline 0 -24"><span class='ocrx_word' id='word_1_144' title='bbox 364 2715 445 2762; x_wconf 89' lang='lat' dir='ltr'>cum</span> <span class='ocrx_word' id='word_1_145' title='bbox 483 2709 582 2762; x_wconf 85' lang='lat' dir='ltr'>recto</span> <span class='ocrx_word' id='word_1_146' title='bbox 617 2691 721 2786; x_wconf 87' lang='lat' dir='ltr'>loqui</span> <span class='ocrx_word' id='word_1_147' title='bbox 760 2692 938 2784; x_wconf 75' lang='lat' dir='ltr'>putabunt</span> <span class='ocrx_word' id='word_1_148' title='bbox 976 2717 1077 2776; x_wconf 84' lang='lat' dir='ltr'>esse,</span> <span class='ocrx_word' id='word_1_149' title='bbox 1118 2696 1292 2763; x_wconf 75' lang='lat' dir='ltr'>inusitate</span> 
     </span>
     <span class='ocr_line' id='line_1_26' title="bbox 360 2784 1289 2880; baseline 0.003 -27"><span class='ocrx_word' id='word_1_150' title='bbox 360 2784 465 2880; x_wconf 86' lang='lat' dir='ltr'>loqui</span> <span class='ocrx_word' id='word_1_151' title='bbox 483 2792 523 2876; x_wconf 84' lang='lat' dir='ltr'>t)</span> <span class='ocrx_word' id='word_1_152' title='bbox 565 2786 667 2856; x_wconf 89' lang='lat' dir='ltr'>caius</span> <span class='ocrx_word' id='word_1_153' title='bbox 704 2786 882 2855; x_wconf 88' lang='lat' dir='ltr'>sermonis</span> <span class='ocrx_word' id='word_1_154' title='bbox 918 2809 1013 2878; x_wconf 87' lang='lat' dir='ltr'>quae</span> <span class='ocrx_word' id='word_1_155' title='bbox 1044 2789 1156 2857; x_wconf 83' lang='lat' dir='ltr'>l&#39;ccies</span> <span class='ocrx_word' id='word_1_156' title='bbox 1178 2786 1289 2857; x_wconf 84' lang='lat' dir='ltr'>fuerit</span> 
     </span>
     <span class='ocr_line' id='line_1_27' title="bbox 362 2878 1288 2976; baseline 0.002 -28"><span class='ocrx_word' id='word_1_157' title='bbox 362 2902 407 2948; x_wconf 79' lang='lat' dir='ltr'>ex</span> <span class='ocrx_word' id='word_1_158' title='bbox 430 2878 500 2948; x_wconf 86' lang='lat' dir='ltr'>hoc</span> <span class='ocrx_word' id='word_1_159' title='bbox 526 2880 716 2949; x_wconf 84' lang='lat' dir='ltr'>ltinernrio</span> <span class='ocrx_word' id='word_1_160' title='bbox 739 2880 800 2950; x_wconf 87' lang='lat' dir='ltr'>vel</span> <span class='ocrx_word' id='word_1_161' title='bbox 822 2880 863 2948; x_wconf 92' lang='lat' dir='ltr'>iu</span> <span class='ocrx_word' id='word_1_162' title='bbox 892 2883 1019 2971; x_wconf 88' lang='lat' dir='ltr'>primis</span> <span class='ocrx_word' id='word_1_163' title='bbox 1041 2881 1197 2976; x_wconf 72' lang='lat' dir='ltr'>intelligi</span> <span class='ocrx_word' id='word_1_164' title='bbox 1221 2904 1288 2974; x_wconf 90' lang='lat' dir='ltr'>po·</span> 
     </span>
     <span class='ocr_line' id='line_1_28' title="bbox 362 2973 1286 3066; baseline -0.001 -25"><span class='ocrx_word' id='word_1_165' title='bbox 362 2991 443 3043; x_wconf 88' lang='lat' dir='ltr'>tett.</span> <span class='ocrx_word' id='word_1_166' title='bbox 467 2976 674 3064; x_wconf 78' lang='lat' dir='ltr'>Anonymut</span> <span class='ocrx_word' id='word_1_167' title='bbox 703 2973 801 3042; x_wconf 89' lang='lat' dir='ltr'>euim</span> <span class='ocrx_word' id='word_1_168' title='bbox 825 2973 1048 3066; x_wconf 73' lang='lat' dir='ltr'>temporibus</span> <span class='ocrx_word' id='word_1_169' title='bbox 1081 2973 1158 3042; x_wconf 89' lang='lat' dir='ltr'>suis</span> <span class='ocrx_word' id='word_1_170' title='bbox 1198 2997 1286 3041; x_wconf 91' lang='lat' dir='ltr'>con-</span> 
     </span>
     <span class='ocr_line' id='line_1_29' title="bbox 361 3066 1307 3230; baseline 0 -96"><span class='ocrx_word' id='word_1_171' title='bbox 361 3066 616 3174; x_wconf 76' lang='lat' dir='ltr'>suetudinique</span> <span class='ocrx_word' id='word_1_172' title='bbox 631 3068 748 3230; x_wconf 79' lang='lat' dir='ltr'>plane</span> <span class='ocrx_word' id='word_1_173' title='bbox 771 3069 933 3138; x_wconf 80' lang='lat' dir='ltr'>servivit.</span> <span class='ocrx_word' id='word_1_174' title='bbox 968 3067 1093 3160; x_wconf 87' lang='lat' dir='ltr'>ltaque</span> <span class='ocrx_word' id='word_1_175' title='bbox 1131 3085 1168 3136; x_wconf 87' lang='lat' dir='ltr'>et</span> <span class='ocrx_word' id='word_1_176' title='bbox 1191 3089 1307 3135; x_wconf 48' lang='lat' dir='ltr'>moes</span> 
     </span>
     <span class='ocr_line' id='line_1_30' title="bbox 361 3161 1289 3254; baseline 0.002 -28"><span class='ocrx_word' id='word_1_177' title='bbox 361 3175 497 3228; x_wconf 83' lang='lat' dir='ltr'>sttttsm</span> <span class='ocrx_word' id='word_1_178' title='bbox 522 3185 628 3254; x_wconf 88' lang='lat' dir='ltr'>qnam</span> <span class='ocrx_word' id='word_1_179' title='bbox 656 3185 713 3230; x_wconf 89' lang='lat' dir='ltr'>am</span> <span class='ocrx_word' id='word_1_180' title='bbox 736 3162 902 3252; x_wconf 86' lang='lat' dir='ltr'>seqnitur</span> <span class='ocrx_word' id='word_1_181' title='bbox 937 3161 1140 3241; x_wconf 70' lang='lat' dir='ltr'>orationis,</span> <span class='ocrx_word' id='word_1_182' title='bbox 1185 3181 1289 3228; x_wconf 82' lang='lat' dir='ltr'>seve·</span> 
     </span>
    </p>
   </div>
   <div class='ocr_carea' id='block_1_4' title="bbox 263 3254 1289 3623">
    <p class='ocr_par' dir='ltr' id='par_1_4' title="bbox 263 3254 1289 3623">
     <span class='ocr_line' id='line_1_31' title="bbox 263 3254 1289 3416; baseline -0.002 -2"><span class='ocrx_word' id='word_1_183' title='bbox 263 3409 266 3414; x_wconf 78' lang='grc'>,</span> <span class='ocrx_word' id='word_1_184' title='bbox 361 3254 715 3415; x_wconf 58' lang='lat' dir='ltr'>tila&#39;ls‘tlttt</span> <span class='ocrx_word' id='word_1_185' title='bbox 736 3272 1289 3416; x_wconf 61' lang='lat' dir='ltr'>‘tia÷:{„t⁰tt;22¹“l„ttt</span> 
     </span>
     <span class='ocr_line' id='line_1_32' title="bbox 362 3437 1289 3535; baseline 0.001 -31"><span class='ocrx_word' id='word_1_186' title='bbox 362 3437 459 3505; x_wconf 90' lang='lat' dir='ltr'>linus</span> <span class='ocrx_word' id='word_1_187' title='bbox 482 3438 545 3506; x_wconf 81' lang='lat' dir='ltr'>vix</span> <span class='ocrx_word' id='word_1_188' title='bbox 569 3441 799 3508; x_wconf 85' lang='lat' dir='ltr'>simulacrum</span> <span class='ocrx_word' id='word_1_189' title='bbox 823 3439 895 3509; x_wconf 91' lang='lat' dir='ltr'>sibi</span> <span class='ocrx_word' id='word_1_190' title='bbox 931 3440 1048 3535; x_wconf 82' lang='lat' dir='ltr'>aptius</span> <span class='ocrx_word' id='word_1_191' title='bbox 1079 3439 1149 3507; x_wconf 88' lang='lat' dir='ltr'>hoc</span> <span class='ocrx_word' id='word_1_192' title='bbox 1175 3438 1289 3507; x_wconf 88' lang='lat' dir='ltr'>histo·</span> 
     </span>
     <span class='ocr_line' id='line_1_33' title="bbox 361 3531 1289 3623; baseline -0.001 -24"><span class='ocrx_word' id='word_1_193' title='bbox 361 3531 440 3599; x_wconf 89' lang='lat' dir='ltr'>rico</span> <span class='ocrx_word' id='word_1_194' title='bbox 463 3532 634 3600; x_wconf 85' lang='lat' dir='ltr'>inveniat.</span> <span class='ocrx_word' id='word_1_195' title='bbox 661 3531 862 3623; x_wconf 83' lang='lat' dir='ltr'>Symmachi</span> <span class='ocrx_word' id='word_1_196' title='bbox 898 3550 1044 3615; x_wconf 75' lang='lat' dir='ltr'>tamen,</span> <span class='ocrx_word' id='word_1_197' title='bbox 1082 3535 1151 3601; x_wconf 91' lang='lat' dir='ltr'>etsi</span> <span class='ocrx_word' id='word_1_198' title='bbox 1186 3532 1289 3600; x_wconf 85' lang='lat' dir='ltr'>annis</span> 
     </span>
    </p>
   </div>
   <div class='ocr_carea' id='block_1_5' title="bbox 256 3682 1274 3758">
    <p class='ocr_par' dir='ltr' id='par_1_5' title="bbox 256 3682 1274 3758">
     <span class='ocr_line' id='line_1_34' title="bbox 256 3682 1274 3758; baseline 0.01 -23"><span class='ocrx_word' id='word_1_199' title='bbox 256 3755 257 3758; x_wconf 7' lang='grc' dir='ltr'><strong>Ἴ</strong></span> <span class='ocrx_word' id='word_1_200' title='bbox 394 3683 438 3754; x_wconf 77' lang='grc' dir='ltr'>(ι)</span> <span class='ocrx_word' id='word_1_201' title='bbox 458 3683 582 3741; x_wconf 83' lang='lat' dir='ltr'>chsnls</span> <span class='ocrx_word' id='word_1_202' title='bbox 602 3695 683 3742; x_wconf 81' lang='lat' dir='ltr'>notra</span> <span class='ocrx_word' id='word_1_203' title='bbox 702 3701 780 3740; x_wconf 84' lang='lat' dir='ltr'>meas</span> <span class='ocrx_word' id='word_1_204' title='bbox 800 3684 839 3742; x_wconf 85' lang='lat' dir='ltr'>ad</span> <span class='ocrx_word' id='word_1_205' title='bbox 856 3682 993 3744; x_wconf 82' lang='lat' dir='ltr'>itinerar.</span> <span class='ocrx_word' id='word_1_206' title='bbox 1012 3702 1077 3757; x_wconf 85' lang='lat' dir='ltr'>esp.</span> <span class='ocrx_word' id='word_1_207' title='bbox 1096 3698 1136 3741; x_wconf 79' lang='lat' dir='ltr'>tr.</span> <span class='ocrx_word' id='word_1_208' title='bbox 1157 3697 1187 3740; x_wconf 85' lang='lat' dir='ltr'>et</span> <span class='ocrx_word' id='word_1_209' title='bbox 1205 3697 1274 3745; x_wconf 65' lang='lat' dir='ltr'>tuk</span> 
     </span>
    </p>
   </div>
   <div class='ocr_carea' id='block_1_6' title="bbox 0 0 1560 4934">
    <p class='ocr_par' dir='ltr' id='par_1_6' title="bbox 0 0 1560 4934">
     <span class='ocr_line' id='line_1_35' title="bbox 0 0 1560 4934; baseline 0 0"><span class='ocrx_word' id='word_1_210' title='bbox 0 0 1560 4934; x_wconf 95' lang='lat' dir='ltr'> </span> 
     </span>
    </p>
   </div>
  </div>
 </body>
</html>
