3109 4934
349 449 407 566 ἰο
616 493 871 564 ιιιιιιιιιιι
893 493 1036 566 onrvs

340 745 342 752 Ι
364 663 498 726 autern
516 669 612 757 pers
632 641 857 758 supradicti
874 640 1083 754 Taposiris
1101 637 1141 723 (ιι
1163 669 1295 756 usque

363 764 416 846 ad
455 765 592 846 locum
634 763 703 848 cui
732 761 1122 877 Agatbudaemonos
1154 765 1297 878 appel-

361 881 460 978 latio
506 905 648 967 manet
683 887 710 994 ).
756 880 985 966 Latitudini
1026 910 1128 965 vero
1157 883 1297 966 indul·

360 1023 432 1115 get
459 1025 493 1078 (u
525 1031 549 1084 a
593 1004 765 1115 Canopo
808 1001 1022 1115 usquead
1054 1003 1193 1086 locum
1223 1006 1297 1114 qui

361 1121 585 1236 Eurylochi
606 1124 672 1207 vel
692 1123 972 1206 Melancbium
989 1119 1155 1205 dicitur.
1179 1125 1297 1209 lubet

361 1241 488 1356 igitur
508 1273 650 1326 omnes
670 1244 826 1354 quique
847 1269 922 1358 per
940 1239 1141 1326 ambitum
1161 1271 1294 1354 usquc

364 1363 416 1444 ad
446 1361 627 1477 lapidem
648 1361 899 1447 tricesimum
928 1359 1173 1460 coluissent,
1202 1361 1295 1446 uni-

363 1509 505 1566 versos
546 1483 694 1564 codem
738 1480 1033 1597 commigrare,
1075 1481 1294 1594 locumque

364 1630 530 1687 omnem
580 1603 691 1685 unde
747 1603 800 1683 ad
837 1601 1036 1714 oppidum
1078 1603 1295 1686 convenis·

363 1743 479 1821 sent,
508 1749 606 1806 suae
637 1721 807 1805 editioni
829 1739 864 1804 (ιι
894 1721 1061 1805 servire.
1104 1723 1156 1805 Et
1191 1722 1294 1804 baec

361 1842 529 1952 quidem
570 1869 696 1958 super
734 1842 868 1957 spatio
903 1841 1017 1924 mbis
1059 1838 1147 1924 eius
1190 1823 1296 1922 acci-

361 1961 507 2077 pimus.

207 2221 250 2268 ἰι
360 2201 581 2284 tectoribus
603 2221 666 2302 o),
696 2077 790 2314 qui
799 2230 851 2314 ex
878 2219 965 2283 arte
990 2199 1150 2282 nobiles
1171 2220 1212 2283 et
1230 2228 1294 2282 ce·

358 2321 598 2405 lebratiores
643 2322 931 2418 habebantur,
977 2341 1023 2402 ut
1069 2319 1294 2403 Cleomene

359 2440 615 2524 Ecnaucrato
639 2471 710 2539 m,
730 2460 770 2524 et
792 2440 1019 2555 Olynthio,
1060 2458 1102 2522 et
1118 2442 1294 2542 Erateo,
1321 2504 1324 2508 -

362 2561 532 2644 Herone
563 2559 685 2643 etiam
702 2558 811 2644 Libii
834 2558 907 2674 qui
925 2587 1021 2642 cum
1039 2557 1164 2642 fratre
1185 2558 1294 2671 Epo-

361 2707 485 2762 nemo
521 2700 640 2779 erat,
686 2679 850 2815 accepit·
882 2708 1059 2762 omne
1035 2701 1070 2755 (ι
1104 2676 1294 2791 magnifi-

360 2797 519 2884 centiae
548 2799 718 2884 huiusce
738 2798 1041 2883 monimentum
1059 2799 1105 2882 in
1126 2827 1177 2880 eo
1195 2827 1293 2910 pos·

359 2947 403 3002 se
433 2939 521 3004 tuto
551 2921 804 3019 consistere,
833 2919 870 3004 si
899 2938 1022 3004 antea
1052 2945 1175 3029 quam
1200 2914 1296 2999 fun·

256 3083 333 3117 m...
359 3039 551 3126 demente
585 3040 681 3125 urbi
710 3043 970 3154 iacerentur,
999 3035 1293 3123 subductiones

361 3187 489 3270 aqme
529 3159 895 3278 purgamentisque
934 3157 1226 3268 relinquendas
1259 3173 1293 3237 ‹f›

394 3405 429 3458 (1)
444 3399 505 3451 flod.
527 3402 649 3468 ὺιδιὶμιι.
675 3403 710 3460 (ὃ)
734 3407 770 3451 lte
792 3406 847 3450 cod.
868 3403 935 3448 baud
950 3402 1001 3448 reio
1017 3417 1049 3446 ιι
1066 3377 1113 3460 pro
1131 3399 1290 3464 ulfiam

358 3469 392 3520 u)
409 3471 466 3516 Geel
492 3483 575 3520 renen.
610 3473 647 3536 (Ι)
662 3474 721 3520 eod.
740 3473 768 3519 de
784 3477 910 3519 murm.
929 3477 961 3528 (e)
977 3471 1038 3516 Cod-
1064 3483 1159 3516 οιιιοι.
1182 3469 1291 3534 meod.

334 3533 474 3606 ,ulai-1·

380 3705 442 3770 (Ι)
462 3701 531 3756 cod,
554 3681 675 3780 Terrpos'r.
695 3700 869 3757 Sedreecol
852 3719 955 3772 ccap
945 3715 1024 3756 ιι.

398 3781 503 3850 (a)o
460 3778 503 3832 No
506 3792 534 3835 ra
553 3779 664 3834 vocabu
667 3780 772 3834 lama
773 3780 916 3834 reluceret
901 3779 1025 3850 equod
1053 3775 1134 3852 epod
1160 3774 1294 3832 Plautum

359 3855 478 3917 Mostell
499 3855 553 3912 111.
575 3873 602 3910 ι.
622 3855 670 3928 73.
688 3855 802 3932 legebat
820 3855 984 3916 Turnebus.
