3109 4934
527 523 606 594 SEV
631 523 755 594 LIBER
777 523 824 594 ll.
1072 525 1140 596 tad

37 720 122 800 ιι...
124 717 194 764 ..ιι
272 667 448 756 XXXV.
484 667 651 782 Iamque
694 671 896 756 exercitus
943 669 1137 758 Macedo·

28 803 166 832 “““““
151 803 313 900 :gnum
327 799 468 876 rulsus
488 818 513 872 a
528 812 664 905 strage
680 791 732 874 ad
743 809 969 876 memorata
987 795 1140 880 lluentn

28 855 168 983 liuiw·
213 909 520 1010 transmiserat,
547 929 588 992 et
617 909 848 994 Alexander
866 909 1053 1022 protinus
1071 941 1141 997 su·

212 1030 454 1144 perveniens
506 1028 661 1143 regiam
710 1028 755 1112 in
806 1057 898 1164 qua
932 1029 1143 1118 observari

213 1149 385 1240 Darium
436 1167 679 1261 conpererat
719 1148 873 1232 cursim
913 1149 1141 1263 inrumpit,

212 1279 387 1386 eumque
416 1295 561 1353 recens
580 1267 840 1352 vulneratum
860 1289 983 1383 atque
1002 1271 1140 1355 adhuc

197 1390 433 1507 spirantem
481 1385 682 1472 miscriter
720 1383 933 1475 offendit
910 1409 956 1470 tt.
983 1390 1065 1474 Sed
1093 1389 1140 1475 id

212 1511 443 1596 Alexandro
472 1507 579 1592 ultra
609 1505 822 1623 opiniones
851 1509 1036 1594 omnium
1066 1513 1140 1592 lle-t

211 1629 293 1714 bile
321 1649 364 1716 et
382 1631 614 1714 luctuosum
635 1627 856 1712 admodum
874 1625 961 1712 fuit
981 1625 1140 1714 Videns

211 1747 321 1834 enim
350 1747 591 1864 participem
619 1746 725 1832 illius
754 1745 859 1862 regii
880 1745 1058 1836 nominis
1089 1777 1141 1832 ae

212 1869 434 1954 maiestatis
455 1869 558 1953 adeo
577 1867 724 1952 misere
743 1865 909 1953 vivendi
929 1867 1138 1954 clausulae

212 1987 493 2088 reluctantem,
525 1989 625 2072 flens
645 1986 912 2100 heiulansque
926 2009 962 2064 ιιι
980 1983 1138 2073 recenti

210 2107 434 2193 homicidio
477 2103 781 2205 confunditur,
823 2134 999 2219 eumque
1049 2135 1136 2190 am·

207 2227 489 2340 plexabundus
533 2247 575 2310 et
613 2246 834 2342 contegens
875 2224 992 2340 regia
1021 2225 1135 2310 chla-

205 2349 329 2462 myde
375 2350 420 2432 in
454 2349 557 2432 haec
592 2351 719 2432 rerba
748 2344 928 2430 solatur:
967 2376 995 2428 u
1012 2345 1135 2460 Erige

209 2495 236 2548 ιι
272 2489 339 2568 te,
369 2495 547 2582 quaeso,
574 2466 720 2567 Darie,
749 2493 827 2549 nec
858 2465 1047 2552 deseram
1077 2465 1135 2550 si·

205 2605 235 2667 ιι
268 2586 367 2700 quid
396 2587 505 2672 enim
537 2619 587 2672 er
616 2587 754 2672 animo
785 2605 846 2672 est
868 2585 1022 2700 qnod
1008 2613 1137 2671 tusae·

206 2735 234 2787 ιι
266 2707 352 2810 ris,
381 2727 516 2790 ratum
544 2710 694 2794 habeto
738 2735 869 2824 regna
912 2729 953 2790 te
982 2727 1053 2790 tna
1071 2734 1137 2788 re·

205 2855 232 2908 ιι
266 2847 482 2965 cepturum
495 2823 790 2944 futurumque
838 2850 980 2912 rursus
1019 2824 1136 2909 illum

205 2975 233 3026 ιι
267 2946 339 3062 qui
369 2945 493 3032 lucris
508 2979 549 3031 ιι.

240 3183 276 3236 (a)
293 3179 353 3226 (lod.
370 3178 512 3244 diuisitque.

244 3357 286 3423 (r)
306 3351 428 3408 Durium
447 3351 604 3408 extinctum
624 3347 777 3424 antequem
791 3347 954 3405 Alexander
972 3366 1036 3402 eunt
1051 3346 1136 3402 adte-

206 3443 348 3502 quarctur
368 3431 450 3486 aiunt
468 3429 640 3486 remotiores
654 3442 683 3482 et
702 3427 809 3486 sinceri
829 3427 995 3498 scriptoru.
1018 3425 1137 3482 Constat

207 3519 301 3562 tameo
315 3506 446 3562 eumdem
459 3507 508 3562 vix
519 3507 711 3561 exanimatum
725 3503 877 3580 chlamyde
895 3517 1057 3560 contectum
1070 3519 1135 3558 ctae

206 3583 244 3638 ab
262 3583 435 3640 Alexandro.
454 3582 528 3640 Vide
548 3583 687 3638 Zonaram
708 3595 750 3638 tr.
772 3597 816 3637 rt.
835 3581 1018 3654 colloquium
1039 3596 1135 3638 eutem

205 3661 281 3718 inter
301 3663 379 3732 ipsos
392 3673 526 3728 nunaut,
547 3675 660 3732 praeter
673 3660 706 3716 ·l·
719 3659 867 3716 Valerium
882 3699 891 3726 ‚
910 3661 1028 3715 codices
1041 3657 1134 3714 mbr.

204 3755 326 3812 graecus
339 3739 494 3808 otlaricus,
508 3757 561 3794 acc
570 3757 626 3794 nou
637 3757 724 3812 pem
733 3737 924 3798 lllirkhondua
932 3736 1012 3811 apud
1021 3733 1135 3792 Sancti·

191 3819 337 3872 ,trucium
356 3833 384 3889 p.
407 3813 460 3892 189
473 3846 485 3860 ·
500 3829 560 3894 190.
