3109 4934
591 507 851 580 annxmoar
1142 513 1191 608 7⁵

253 657 300 742 in
328 657 499 770 longum
518 683 611 742 usur
599 655 894 770 necessaria)
922 659 986 742 uti
1013 660 1193 748 circum·

251 798 397 892 putato
430 805 586 861 oceano
617 799 832 891 comperta
861 780 1109 864 nuntiarent

102 933 198 980 ιι...
200 933 240 981 aa
315 898 440 982 CXV.
459 897 627 1011 Qmppe
640 897 923 981 Alexandrum
939 899 1078 983 animo
1094 898 1194 986 fuis·

58 1001 236 1116 ''¹²¹¹''5'„
253 1046 297 1100 se
329 1019 382 1102 ad
414 1017 671 1130 appetentias
711 1017 851 1130 rigido
887 1038 930 1102 et
963 1018 1193 1120 indomito,

250 1137 319 1222 hic
340 1167 506 1252 quoque
528 1136 877 1238 considerandum
895 1137 1073 1251 reliquit
1094 1139 1194 1224 Erat

251 1257 397 1350 civitas
413 1257 575 1358 Indiae,
588 1287 714 1370 qnam
724 1277 762 1331 (ι)
776 1257 894 1342 ιιιιιΙιι
907 1255 1192 1374 confirgerant,

249 1378 534 1492 magnitudine
564 1378 693 1462 nimia
723 1397 765 1462 et
792 1376 1047 1463 firmitudine
1072 1379 1191 1464 inex·

247 1499 479 1612 pugnabili.
524 1499 660 1603 Quam
696 1497 771 1582 ubi
806 1498 1041 1582 Alexander
1075 1500 1191 1584 obsi·

251 1618 375 1701 dione
408 1618 621 1718 adoritur,
665 1617 782 1703 iubet
816 1617 908 1704 fieri
943 1621 1076 1704 scalas
1110 1649 1208 1733 pro,

249 1764 372 1821 muro
391 1739 652 1852 praecelsas:
682 1767 835 1852 easque
866 1740 1052 1824 admotas
1093 1769 1189 1824 cum

249 1858 479 1972 grandibus
510 1858 617 1944 saxis
652 1857 834 1974 desuper
861 1857 1103 1976 frangerent
1125 1889 1191 1942 re·

155 2053 158 2060 ,
206 2089 208 2094 Ι
246 1999 527 2092 pugnantes,
578 1978 668 2062 sola
711 1981 940 2092 perdurant
985 2010 1068 2092 qua
1114 2007 1189 2064 rer

177 2155 182 2164 -
247 2099 504 2182 unaduobus
534 2099 782 2184 satellitibus
813 2099 1021 2186 evicerat:
1051 2103 1188 2237 ipsum

174 2257 183 2270 ,
248 2245 413 2330 quoque
443 2218 581 2302 multis
618 2221 797 2333 desuper
831 2240 879 2304 ut
907 2249 990 2334 qua
1009 2220 1186 2336 quisque

165 2359 172 2374 ·
244 2357 407 2448 poterat
427 2339 747 2424 retmdentibus.
781 2342 834 2424 Et
860 2341 1049 2455 quamvis
1093 2371 1185 2426 sca·

243 2455 304 2540 las
336 2459 468 2550 omnis
510 2489 679 2544 suornm
728 2459 953 2544 comminui
987 2460 1184 2560 vidisset,

244 2605 379 2691 neque
410 2581 493 2663 ullo
525 2608 615 2664 sese
657 2579 753 2663 ideo
787 2581 939 2666 auxilio
974 2582 1185 2695 periclita-

245 2716 403 2799 turum,
422 2699 544 2783 irruit
561 2720 702 2784 tamen
716 2706 825 2786 nnus
845 2703 986 2786 omnia
1000 2701 1186 2787 hostium

247 2816 388 2919 milia,
435 2849 523 2906 nna
573 2821 799 2934 praedictis
846 2823 1020 2934 (Peuce
1041 2843 1076 2898 ‹⁶›
1106 2822 1185 2906 sci·

243 2936 341 3024 licet
371 2959 413 3026 et
442 2941 718 3051 Ptolomaeo)
750 2941 823 3057 qui
854 2962 1118 3028 cunctantem
1148 2957 1183 3015 (ἰ

242 3059 545 3146 multitudinem
588 3062 778 3176 protinus
823 3062 942 3147 urbis
998 3059 1088 3145 eius
1138 3059 1183 3143 in

245 3206 335 3262 sese
367 3182 584 3267 convertit.
702 3209 705 3214 ¹

95 3332 187 3377 ιιι..
188 3329 232 3378 ι..
308 3299 453 3384 CXVI.
475 3302 678 3386 Perdins
666 3303 794 3418 rgitur
813 3302 885 3387 diu
902 3329 1042 3386 secum
1057 3299 1181 3422 satel-

48 3415 235 3515 „lffl
243 3414 384 3502 litibus
415 3419 744 3533 conspirantibus
776 3453 866 3506 rem
910 3419 1085 3558 pleni
1066 3452 1181 3508 exer-

49 3551 166 3582 ⁵⁶³⁸*
241 3534 346 3622 citus
377 3538 566 3653 agitabat.
596 3541 652 3624 Ni
682 3563 881 3657 vergente
917 3540 1001 3626 iam
1043 3543 1180 3628 dicet

272 3741 396 3802 (amnuo
413 3745 529 3794 eiiltlicn
530 3751 625 3794 uertet!
627 3746 889 3804 manumittetur:
876 3751 1177 3816 amnemamnem.

242 3841 678 3862 Ἢ

279 3887 321 3958 (ι)
348 3887 459 3964 Nempe
477 3894 509 3951 ιιι
528 3915 615 3974 quem.
636 3897 741 3952 Confer
761 3915 827 3971 cap.
846 3911 919 3954 xcix
939 3917 968 3954 ιι.
989 3913 1015 3953 r.
