3109 4934
390 474 436 562 ³4
643 465 902 542 atsxaunat
926 467 1071 538 onnus

264 663 371 724 snam
445 619 595 706 XXVI.
625 617 801 704 Additur
829 635 968 700 tamen
997 614 1049 698 ad
1080 611 1263 704 fabulam
1282 633 1338 708 ot

217 733 559 846 {iiiiiimetme
612 740 794 854 primum
858 734 1143 850 discretaeque
1203 741 1317 826 urbis

217 867 378 998 {2233
386 861 574 962 huiusce,
624 860 737 976 quod
780 886 877 942 cum
920 852 1052 941 lineae
1088 857 1236 950 ductae
1266 864 1319 948 ab

384 981 614 1067 architectis
656 978 820 1078 forent,
862 973 1012 1092 quibus
1055 976 1236 1088 spatium
1277 995 1321 1066 et

385 1101 607 1217 descriptio
625 1121 804 1212 metatae
821 1095 936 1182 urbis
956 1115 1194 1198 notaretur,
1221 1105 1321 1185 sub·

384 1225 492 1310 iecta
522 1222 575 1304 sit
601 1221 733 1304 lineae
759 1217 891 1302 farina
918 1245 997 1329 pro
1025 1219 1207 1329 pulvere.
1237 1221 1319 1306 Sed

385 1342 460 1426 ubi
489 1341 533 1425 id
562 1337 715 1424 factum
754 1334 910 1437 fuerit,
952 1365 1051 1420 mox
1092 1366 1318 1454 congreges

384 1459 504 1544 multi
522 1461 684 1544 numeri
702 1479 743 1542 ct
762 1458 926 1572 generis
946 1484 1042 1543 aves
1069 1457 1216 1540 eodem
1245 1463 1318 1545 ad·

384 1579 610 1680 volavisse,
645 1576 879 1693 raptimque
908 1605 1074 1660 omnem
1111 1577 1224 1662 illam
1264 1581 1317 1666 de

384 1697 517 1784 farina
546 1700 698 1784 lineam
727 1697 981 1814 obligurisse.
1012 1697 1061 1780 ld
1090 1725 1192 1814 ergo
1216 1727 1316 1812 por·

382 1819 483 1904 tenti
526 1820 801 1904 turbulentius
849 1817 1131 1902 Alexandrum
1175 1816 1316 1902 lormi-

381 1941 549 2024 dantem
595 1939 846 2024 consuluisse
882 1938 1073 2051 protinus
1116 1937 1315 2050 peritissi-

379 2087 469 2143 mos
500 2059 807 2160 coniectorum,
849 2087 1077 2174 eorumque
1111 2061 1314 2144 sententia

378 2177 591 2263 rescivisse
622 2203 685 2280 to,
728 2181 937 2265 civitatem
976 2179 1084 2260 hanc
1114 2207 1199 2262 non
1228 2178 1311 2263 suis

378 2299 504 2381 modo
548 2293 693 2382 uerum
721 2293 953 2410 peregrinis
985 2297 1109 2378 etiam
1142 2299 1310 2410 populis

379 2419 433 2501 ad
462 2417 698 2504 alimoniam
723 2415 976 2502 uberrimam
995 2410 1096 2499 fore.
1123 2415 1181 2500 Ut
1199 2418 1310 2502 enim

320 2565 323 2571 ·
374 2536 419 2622 in
450 2535 522 2620 illo
552 2536 690 2622 avium
720 2563 894 2620 numero
924 2561 1010 2618 non
1039 2533 1175 2621 solum
1202 2537 1310 2619 indi·

373 2685 533 2771 geuae,
585 2686 731 2766 verum
779 2655 964 2741 advenae
1016 2657 1140 2740 etiam
1182 2678 1308 2768 atque

373 2776 556 2892 undique
586 2805 727 2862 versus
758 2777 976 2892 adlapsae,
1005 2774 1114 2860 iacto
1148 2777 1308 2890 polline

372 2896 491 2982 avide
510 2918 648 3010 pastae
668 2895 773 3003 sint3
804 2895 861 2980 ita
880 2895 1117 2979 hominibus
1137 2925 1305 3008 qnoque

370 3037 412 3101 et
439 3017 715 3104 incolentibus
745 3037 788 3101 et
816 3015 1115 3130 appellentibus
1154 3019 1304 3101 urbem

367 3139 475 3221 hanc
504 3132 871 3248 fructuosissimam
900 3131 988 3219 fore
1007 3157 1056 3218 ot.

405 3390 448 3453 (t)
467 3383 574 3456 Nmpe
592 3387 629 3442 cd
647 3387 836 3443 unauna.
855 3385 949 3442 Iulia·
969 3387 1045 3441 enirn
1059 3383 1194 3440 Valerius
1218 3387 1304 3440 labu-

365 3463 445 3517 lotnr
464 3478 550 3532 crepo
578 3464 706 3534 acriptor
736 3465 838 3535 iniqu·
870 3463 984 3518 dicem
1009 3461 1130 3534 salala-
1163 3462 1194 3517 id
1217 3463 1299 3534 qood

363 3555 465 3610 gravet
490 3553 621 3593 auctore·
654 3555 774 3595 narrant
803 3537 933 3608 Strabo,
964 3542 1129 3607 Arrianae,
1162 3539 1300 3596 Valerios

365 3615 463 3680 Mam,
483 3610 673 3685 Plutarchus,
693 3616 860 3670 Anniaca
878 3655 886 3678 ‚
904 3619 1013 3674 Auctor
1033 3617 1193 3672 Itinerarii.
1298 3654 1303 3667 .

403 3697 445 3761 (a)
463 3689 537 3745 ilinc
549 3691 587 3746 ab
599 3691 695 3748 Hirtio
705 3693 740 3750 de
751 3692 891 3748 boll-alex.
904 3693 1038 3764 capili„
1046 3695 1156 3750 dicitnr
1170 3694 1298 3749 Alexan·

361 3769 429 3824 dria
447 3765 511 3824 urbs
524 3767 693 3900 [grtilirtim
713 3785 741 3829 et
760 3771 949 3848 copiosissima.
968 3772 1073 3828 Confer
1085 3785 1115 3826 et
1127 3769 1301 3827 Straboned

362 3859 436 3904 xvii.
455 3863 485 3918 p.
505 3859 573 3926 79.
