3109 4934
369 539 415 608 oo
489 485 492 494 Α
624 529 878 604 nrxluorr
902 529 1046 604 oarvs

368 683 519 779 iubet,
561 703 739 792 quorum
777 682 925 764 crebro
978 701 1020 763 et
1065 679 1304 765 vehementi

347 801 592 886 'admodum
634 801 753 916 pulsu
796 828 897 884 non·
926 795 1089 884 difficile
1118 831 1197 886 neo
1228 801 1304 884 diu

371 947 488 1005 casus
533 921 716 1004 omnium
753 943 815 1004 est
848 941 1043 1004 moratus.
1074 922 1167 1036 Ipse
1198 949 1304 1003 vero

370 1071 466 1128 eum
495 1041 607 1124 mille
637 1039 911 1126 funditoribus
943 1039 1114 1124 totidem
1133 1063 1171 1116 (ι)
1185 1040 1306 1124 obire

371 1159 612 1258 dissutum,
657 1163 760 1244 adeo
802 1183 849 1245 ut
884 1161 998 1244 omni
1025 1159 1202 1262 telorum
1230 1190 1306 1274 ge-

370 1309 470 1364 nere
499 1279 689 1394 fatigatos
725 1303 796 1364 aut
841 1300 1152 1394 prosternerent
1193 1280 1306 1362 The-

370 1404 500 1485 banos
532 1420 602 1483 aut
630 1402 906 1486 vulnerarent.
937 1401 1071 1513 Atque
1103 1399 1162 1483 ita
1180 1399 1304 1484 tertio

370 1519 456 1604 fere
487 1519 577 1620 die,
622 1522 827 1637 conlapsis
859 1522 1050 1606 omnibus
1080 1549 1187 1634 quae
1217 1523 1305 1601 ob-

319 1647 323 1654 ’
370 1643 563 1741 stabant,
608 1640 818 1728 invehitur
859 1643 1092 1727 Alexander
1137 1642 1303 1723 Thebas

371 1790 521 1874 easque
543 1779 578 1842 ‹⁶›
597 1761 777 1877 diripere
802 1763 1122 1875 exscindereque
1139 1757 1305 1844 festinat

371 1901 432 1964 tot
461 1880 618 1966 scilicet
653 1885 825 1968 saeculis
867 1883 909 1966 et'
952 1881 1097 1967 Cadmi
1144 1902 1304 1964 cetero-

369 2013 546 2114 rumque
576 2003 759 2116 imperiis
791 2004 951 2088 nobiles
980 2019 1027 2084 (ὃ).

253 2155 356 2240 ino-n
430 2122 576 2206 LXVI.
619 2126 683 2208 Ad
733 2154 858 2239 quam
903 2121 1108 2207 fortunam
1159 2121 1305 2207 ceteris

125 2281 129 2290 ·
183 2229 283 2342 23:22¹
299 2240 355 2272 '⁸¹'
369 2243 796 2357 praestupescentibus
837 2273 938 2358 prae
981 2242 1025 2328 vi
1066 2242 1304 2341 malorum,

371 2360 444 2444 uni
498 2361 712 2448 tibicinum
764 2362 870 2448 forte
929 2362 1144 2450 consilium
1194 2360 1306 2447 subit

371 2501 511 2596 aptare
542 2473 666 2566 tibias
696 2506 737 2568 et
765 2485 894 2570 melos
924 2513 1049 2598 quam
1069 2505 1210 2600 posset
1229 2487 1301 2564 lle·

370 2602 453 2684 bile
474 2624 506 2674 (τ)
534 2631 681 2687 canere
697 2607 808 2720 regis
828 2605 1004 2722 pedibus
1016 2606 1233 2720 provoluto
1255 2619 1302 2687 to.

412 2721 495 2804 uod
525 2752 620 2807 cum
650 2725 881 2810 Alexander
907 2725 1091 2824 videret,
1122 2745 1243 2808 acuto
1262 2746 1306 2809 et

370 2842 564 2956 religioso
595 2844 769 2930 consilio
800 2843 946 2929 efficax
976 2847 1151 2929 multum
1181 2866 1305 2958 atque

372 2963 423 3044 ad
463 2964 710 3050 movendam
756 2965 821 3050 sni
861 2964 1185 3051 misericordiam
1216 2995 1306 3048 esse

371 3085 614 3198 provisum
646 3105 743 3169 tunc
773 3085 969 3171 auloedus
1001 3106 1038 3171 ‹¹›
1068 3086 1140 3171 ille
1169 3085 1305 3168 mani-

373 3207 455 3288 busv
480 3205 686 3290 extensis:

407 3415 441 3462 (fll
457 3411 515 3454 Cod·
534 3427 633 3474 nmque.
651 3411 685 3468 (l)
702 3413 761 3458 0οὰ.
781 3412 884 3460 mtrem
896 3414 929 3472 (ι)
941 3411 1079 3478 febrilem
1097 3409 1299 3473 coeptorum

409 3587 452 3652 (t)
471 3583 551 3640 Dicit
570 3587 702 3654 totidem,
722 3587 793 3661 quia
812 3589 947 3660 superine
967 3590 1044 3646 dixit
1062 3591 1166 3670 equitet
1184 3589 1267 3648 aitte.

393 3665 452 3728 ·(a)
472 3660 556 3717 quta
574 3663 716 3720 Iustinum
743 3679 784 3720 11.
805 3681 834 3736 4.
855 3686 912 3724 non
939 3667 1090 3738 «alodos,
1120 3671 1171 3726 sed
1192 3667 1306 3726 claudos

372 3741 501 3869 captivus
522 3741 599 3812 apud
619 3741 814 3798 Alexandrum
838 3745 1004 3802 Thebarum
1023 3747 1171 3804 excidium
1201 3747 1306 3819 depre-

370 3833 405 3870 οι
419 3835 465 3872 ur.
