3109 4934
426 535 490 584 un
675 505 935 584 sisinnum
959 511 1103 584 ΔΕΜ

420 695 448 744 ι
478 661 634 777 Tyrum
663 681 706 746 et
734 655 954 746 efficaciter
985 680 1253 776 prosecutum
1281 692 1351 748 cu·

382 809 448 864 ι
479 781 566 868 riae
591 803 752 869 vestrae
775 779 983 867 consortio
996 782 1351 899 abreiegastissa-

420 935 448 994 »
480 903 658 1019 pientiae
685 903 863 1043 deniqne
889 901 1012 986 totius
1037 903 1150 1016 apud
1181 932 1256 988 vos
1283 903 1352 987 So·

421 1055 448 1104 ι
480 1047 621 1110 craten
650 1026 894 1138 magistrum
919 1021 1188 1109 iniustissima
1219 1045 1350 1108 morte

290 1161 292 1166 ’
420 1175 446 1226 >s
479 1147 688 1230 multastis.
718 1143 874 1260 Ingrati
902 1143 1097 1259 Philippo
1120 1142 1194 1256 qui
1223 1143 1351 1228 tribus

422 1297 449 1346 ι)
479 1265 597 1350 bellis
630 1263 783 1350 anxilio
813 1262 934 1350 vobis
965 1285 1008 1348 et
1027 1261 1228 1378 subpetiis
1257 1263 1352 1348 finit:

420 1415 448 1465 s>
479 1385 631 1498 quique
662 1383 895 1524 queramini
913 1384 968 1522 de
987 1383 1221 1469 Alexandro
1240 1385 1353 1520 velut

420 1535 449 1584 u
481 1507 534 1590 ob
565 1507 805 1620 Stesagoras
834 1531 1051 1602 maurium,
1082 1533 1189 1617 quiae
1217 1533 1351 1589 omnus

419 1656 446 1705 »
481 1625 687 1711 vindictae
736 1645 897 1710 vestrae
948 1621 1193 1742 profecerat.
1236 1625 1351 1709 Idem
1472 1691 1479 1700 .

420 1777 448 1825 ι)
479 1748 591 1830 enim
635 1747 878 1860 Stesagoras
919 1745 1177 1830 sacerdotem
1226 1747 1353 1831 Athe-

419 1895 447 1945 »
477 1869 664 1950 niensem
685 1864 918 1951 sacerdotio
944 1865 1193 1981 privaverat

479 1967 700 2070 XXIV.»
753 1985 978 2071 Enimvero
1029 1984 1231 2098 qnoniam
1275 1984 1351 2070 ista

418 2133 446 2186 n
479 2107 623 2190 haece
607 2125 633 2180 ⁶>
653 2135 766 2190 nnnc
787 2107 926 2192 emnia
946 2133 999 2192 ex
1023 2105 1164 2188 animo
1193 2123 1236 2188 ct
1264 2133 1350 2187 mc·

419 2255 446 2308 »
479 2224 613 2311 moria
644 2247 786 2311 nostra
810 2225 965 2340 placuit
992 2223 1235 2325 aboleri,
1202 2253 1264 2309 sic
1282 2253 1352 2310 vo-

419 2376 447 2426 »
478 2345 543 2430 bis
581 2347 636 2430 ad
685 2346 920 2465 praesentia
954 2343 1062 2430 mihi
1108 2373 1350 2459 respomum

421 2497 449 2546 s>
480 2467 690 2550 habetote:
720 2465 1050 2580 probatas‘mihi
1077 2465 1175 2550 satis
1209 2465 1349 2549 landa·

420 2615 447 2665 u
482 2605 623 2698 sasque
656 2615 745 2672 esse
769 2585 980 2672 suasiones
1018 2583 1238 2671 Aeschini:
1267 2589 1350 2671 De·

419 2735 446 2786 >›
479 2707 645 2791 manem
675 2735 842 2820 musque
860 2735 948 2792 non
972 2704 1207 2818 inprobari,
1236 2703 1349 2818 quod

417 2854 445 2907 s>
478 2828 750 2912 constantiam
780 2851 897 2912 snam
917 2825 1078 2913 civibus
1097 2825 1240 2910 curiae
1255 2849 1350 2939 pro-

417 2977 444 3028 »
477 2949 617 3032 batam
659 2948 878 3032 vellete:
913 2947 989 3035 sed
1029 2945 1143 3032 cuim
1191 2941 1349 3032 landari

417 3098 444 3148 ι)
476 3070 701 3185 praecipue
730 3067 1089 3168 Demosthenem,
1118 3068 1214 3204 qui·
1244 3093 1348 3151 nnus

417 3222 445 3270 ι)
475 3217 598 3274 verae
609 3187 795 3274 unhtans
810 3209 851 3272 et
866 3186 1074 3274 commodi
1090 3185 1349 3273 vestritennx

414 3341 442 3390 u
477 3336 526 3390 ea
565 3309 686 3394 vobis
733 3338 840 3422 quae
870 3325 1008 3394 essent
1047 3307 1101 3392 ad
1130 3305 1348 3392 amicitiam

415 3456 444 3506 u
473 3447 656 3512 nostram
686 3428 872 3515 suaserit
897 3431 960 3514 Sit
977 3429 1105 3543 igitur
1122 3427 1348 3515 Athenien·

414 3577 443 3626 n
473 3545 585 3632 sibus
608 3547 785 3662 dignitas
806 3551 925 3662 quio
903 3547 1133 3634 eluebant
1142 3563 1179 3624 (ὁ
1186 3575 1348 3659 ‚neque

448 3748 584 3808 (oinium
600 3751 871 3806 inmunes„
843 3750 1152 3821 musonem-u
1177 3754 1348 3803 ιιιιιιιι

412 3816 573 3880 ιιιιιιι.
556 3817 823 3876 :sancctum
