3109 4934
496 565 500 572 ¹
541 551 619 622 sav
644 547 773 622 ιιιιιι
796 547 843 622 ιι.
888 559 892 572 ·
985 539 992 552 ·
1089 521 1150 621 tot

227 691 558 797 ιιιιιιιιιιιιειιιε,
606 701 706 810 quin
750 700 878 782 immo
919 695 1159 810 provinciae

231 852 260 902 ιι
290 845 562 902 consensere:
601 838 685 899 aut
727 845 835 931 quae
880 815 1160 904 contumacius

230 971 258 1022 ιι
290 959 439 1051 sponte
470 938 618 1022 cedere
668 937 1017 1036 detrectaverint,
1061 938 1160 1020 sub·

231 1091 259 1140 ιι
290 1058 454 1172 iugatae
484 1079 535 1139 ‹·›.
567 1057 686 1161 Quae
716 1084 840 1169 quam
872 1057 972 1152 dant
1000 1052 1162 1138 consilii

231 1210 260 1260 ιι
290 1206 493 1262 summam
507 1177 563 1259 <ol
583 1206 635 1260 an
651 1175 731 1259 uisi
750 1197 797 1260 ut
813 1175 998 1291 periculo
1019 1183 1161 1259 'carea-

232 1331 261 1380 ιι
290 1298 411 1382 mus?
440 1295 644 1380 Videlicet
672 1297 789 1409 Tyrii
807 1294 1003 1395 inbelles,
1032 1315 1079 1379 ut
1103 1294 1162 1377 ait

231 1449 260 1501 ιι
288 1416 523 1516 Demades,
558 1413 673 1506 fuere
704 1415 928 1499 etidcirco
966 1412 1159 1528 superati

232 1570 261 1620 ιι
291 1537 357 1620 Illi
386 1557 483 1658 sunt
510 1523 627 1650 Tyiii
652 1564 724 1648 qur
711 1534 968 1621 adversum
987 1534 1168 1623 classem·

232 1690 261 1740 ιι
291 1646 548 1741 innumeram
550 1656 703 1739 Xerxi
726 1653 1002 1741 confidentiss
970 1683 1073 1744 rme
1091 1682 1160 1736 re·

233 1811 262 1862 ιι
292 1778 483 1862 stiterunt
511 1797 632 1889 atque
662 1805 754 1861 eam
764 1775 1028 1914 deinceps
1015 1803 1160 1859 ancen-

232 1930 261 1981 >ι
293 1899 473 1983 ιιιιιίιιιι.Ι
494 1899 711 2034 inermes,
760 1896 920 2010 inquit,
960 1892 1158 1979 Thebani.

233 2050 262 2100 ιι
292 2004 409 2100 Illiire
436 2017 546 2132 qui
550 2044 673 2100 omne
722 2046 870 2104 aevum
913 2042 1160 2126 omnemque

233 2168 261 2219 ιι
293 2157 465 2220 aetatem
501 2165 617 2222 suam
666 2164 752 2219 non
794 2136 840 2218 in
876 2132 995 2220 bellis
1034 2133 1161 2217 modo

234 2290 262 2340 ιι
292 2285 437 2343 verum
466 2258 511 2342 in
536 2255 717 2340 victoriis
732 2273 1075 2369 consumpserunt
1091 2252 1159 2336 tt?

292 2377 402 2460 xvi.
432 2411 459 2458 ιι
490 2375 615 2461 Addit
664 2375 804 2476 eti'am',
847 2369 1164 2489 Peloponnesios

234 2528 263 2578 ιι
293 2525 378 2580 ιιοιι
409 2501 461 2580 ab
492 2496 563 2580 illo
592 2494 751 2595 victos,
779 2496 853 2582 sed
875 2492 984 2579 lame
1012 2492 1162 2606 lneque

234 2649 263 2698 ιι
293 2637 534 2756 superatos:
566 2615 716 2728 quibus
752 2616 918 2752 quidem
959 2613 1161 2727 Pelopon

236 2768 265 2818 ιι
295 2737 419 2823 nesiis
448 2735 731 2822 Alexandrum
760 2735 857 2822 satis
890 2752 1050 2821 constat
1078 2728 1163 2816 fru-

235 2887 264 2937 ιι
295 2859 433 2941 menta
463 2885 630 2970 quoque
655 2855 937 2940 laborantibus
952 2851 1165 2949 direxisse,

237 3006 265 3056 ιι
296 2977 399 3061 adeo
445 2997 506 3061 ut
539 2975 747 3089 Antigono
772 2943 902 3060 duce
944 2967 1167 3058 Alexandri

237 3097 507 3182 »resistente
549 3095 663 3206 quod
705 3095 820 3179 hisce
862 3093 970 3180 vires
1013 3110 1055 3172 et
1094 3087 1168 3172 ali·
1249 3132 1251 3136 v

238 3246 266 3294 ιι
297 3215 455 3299 monias
487 3215 741 3314 destinaret,
771 3243 865 3300 cum
893 3211 1043 3327 quibus
1071 3235 1168 3292 mox

240 3364 268 3414 ιι
298 3332 405 3418 foret
433 3333 543 3420 bello
578 3353 618 3416 et
642 3331 810 3447 proeliis
826 3331 1165 3445 decernendum,

241 3484 269 3533 ιι
298 3453 578 3537 Alexandrum
597 3453 856 3567 respondisse
879 3451 932 3538 sit
956 3451 1093 3568 palam
1112 3481 1164 3536 tu:

271 3683 309 3738 (c)
331 3679 391 3726 cad
417 3680 543 3744 tullum.
570 3681 603 3740 (l)
620 3681 680 3730 (lod.
697 3680 788 3728 concidi
802 3683 846 3728 ω’.
875 3684 907 3739 (ι)
924 3681 984 3728 (lod
1000 3689 1161 3730 coum

280 3844 323 3914 (ι)
341 3841 449 3916 Nempe
469 3835 644 3900 notissimum.
