3109 4934
548 479 627 552 sav
651 481 845 556 annau.
1117 485 1167 578 9⁵

235 665 265 716 »
296 629 491 714 maiestas
521 630 728 732 obviaret,
758 651 883 744 atque
915 631 1045 717 oculis
1076 631 1167 720 eius
1318 643 1322 647 ’

234 785 264 834 n
297 779 388 836 sese
418 771 461 834 et
502 748 682 836 vultibus
727 770 979 853 ostentaret,
1029 751 1168 867 siquid

233 903 264 958 n
295 891 435 955 tamen
483 890 598 954 recte
645 897 794 985 sapere
839 871 1084 959 didicisset?
1125 875 1167 959 Is

232 1023 262 1076 s>
295 1020 406 1106 ergo,
449 1011 636 1076 nostram
688 992 969 1104 praesentiam
1029 991 1169 1078 mitius

234 1145 264 1194 2>
296 1108 566 1225 opperiatur?
596 1112 662 1196 An
691 1137 817 1224 mage.
839 1140 934 1198 cum
965 1111 1095 1198 semel
1123 1112 1169 1198 ia

234 1261 263 1314 »
296 1231 386 1316 cius
434 1257 605 1318 manus.
630 1249 963 1346 potestatemque
1008 1229 1170 1318 veneri-

233 1381 268 1434 ».
291 1380 387 1436 mus
433 1351 559 1438 dedet
608 1349 819 1466 suppliciis
860 1351 1170 1465 ultionibusque

233 1505 261 1553 J)
292 1469 574 1586 poenalibus?
618 1473 670 1556 Et
715 1473 820 1558 haec
866 1473 1033 1587 quidem
1087 1471 1170 1556 sint

233 1624 261 1673 >2
293 1592 403 1676 dicta
433 1588 711 1678 domatibus
756 1611 762 1632 ¹

292 1711 363 1794 ΧΙ.
395 1743 422 1792 n
463 1712 558 1798 Huc
620 1722 760 1798 tamen
813 1703 955 1796 addite
1012 1709 1170 1822 aliquid

235 1863 263 1913 >a
296 1830 419 1916 etiam
451 1832 510 1916 de¹
533 1832 623 1918 eius
656 1852 819 1932 aetate,
846 1831 893 1918 in
921 1861 1006 1945 qua
1048 1831 1170 1916 nesti·

235 1982 263 2032 n
294 1970 407 2036 matu
436 1949 634 2064 perfacile
666 1973 747 2053 est,
777 1953 890 2066 quod
933 1948 1005 2036 iila
1047 1949 1171 2036 dimi·

234 2103 263 2152 »
294 2099 397 2182 care
421 2066 595 2156 forsitan
625 2069 933 2170 confidentius,
955 2072 1169 2158 consulere

191 2191 192 2194 ‘
234 2191 523 2275 »dementius
564 2192 707 2306 possit
763 2189 987 2277 Enimvero
1017 2183 1038 2290 ,’
1086 2191 1169 2290 ait,

231 2341 260 2391 u
292 2310 454 2424 Tyrios¹
490 2311 675 2398 excidit:
708 2340 847 2424 neque
893 2310 1004 2396 euim
1051 2330 1169 2424 pote-

232 2461 260 2512 n
292 2451 385 2514 rant
414 2428 475 2515 illi
502 2428 683 2518 forsitan·
703 2430 916 2517 restitisse.
947 2432 1171 2516 Thebanos

229 2579 258 2630 2>
290 2552 439 2637 evertit
458 2559 488 2649 ‚'
503 2579 589 2636 non
619 2574 655 2628 ‹a›
684 2551 777 2636 illos
809 2551 977 2664 quidem
1012 2551 1170 2636 inertes
1234 2643 1237 2647 Α

232 2702 261 2750 »
294 2691 364 2755 aut
391 2672 492 2755 belli
522 2672 679 2756 artibus
712 2671 904 2770 alicnus,
927 2671 1011 2758 aed
1057 2671 1172 2754 enim

232 2823 259 2870 >s
291 2789 579 2904 frequentibus
610 2790 835 2876 atmodum
864 2790 1171 2901 discriminibus

170 2995 172 3001 ,
232 2941 261 2992 >s
290 2908 493 3027 fatigatus
528 2911 887 3028 Peloponnesios,
919 2910 1005 3011 ait,
1043 2909 1173 3023 capti·

233 3061 261 3110 n
290 3031 417 3116 vitate
434 3032 641 3133 subiecit,
656 3041 808 3145 'neque
826 3031 908 3118 hoc
929 3031 1062 3129 addit,
1087 3055 1174 3113 non

234 3181 261 3228 n
290 3153 400 3238 hello
433 3181 520 3238 nou
551 3154 665 3252 telis,
692 3152 908 3237 enimvero
929 3153 998 3236 lue
1028 3177 1173 3234 curn·

235 3301 263 3350 n
292 3293 385 3385 ptos
422 3291 464 3354 et
491 3271 610 3356 fatue.
640 3273 727 3362 Hic,
754 3301 898 3371 nunc,
933 3271 971 3356 si
1001 3269 1171 3386 piacet,

233 3419 262 3469 n
292 3391 362 3475 hic
394 3419 497 3475 sane
522 3389 707 3508 proferte
729 3393 775 3476 iu
811 3391 996 3476 medium
1027 3409 1172 3474 nostra

233 3541 260 3592 n
292 3512 502 3625 Xerxiqne
539 3528 573 3588 a>
624 3513 926 3627 experimenta,
956 3511 1029 3624 qui
1056 3539 1171 3594 mre

236 3663 263 3710 u
292 3633 471 3717 motibus
518 3635 743 3746 presserit,
792 3633 864 3744 qui
900 3631 1026 3716 altum
1067 3629 1171 3712 iilud

270 3805 306 3855 (ι)
322 3801 381 3847 cod
409 3815 468 3847 mm.
495 3801 531 3860 (f)
546 3803 661 3861 Superius
680 3817 733 3862 esp.
749 3815 783 3848 n·
800 3805 898 3862 lenae,
915 3801 1085 3858 rabiemi.
1102 3795 1171 3862 1104

236 3870 330 3916 ratim
348 3879 449 3931 propter
466 3869 732 3930 mplmtrtmutt
749 3883 885 3930 capum·
