3109 4934
375 570 420 648 90
546 610 549 620 .
629 547 886 620 nnxsnnnt
910 547 1052 619 tctvs

373 735 402 786 >³
431 696 662 815 potuisset,
704 716 943 816 vestrosque
991 725 1076 782 une
1125 718 1310 784 oratores

374 855 403 904 »
433 819 486 904 ad
527 847 594 902 me
636 818 876 932 perducere.
919 817 1041 903 Enim
1083 818 1310 904 consultius

373 974 401 1024 e
434 939 569 1025 visum
619 958 682 1024 est
723 938 860 1054 ipsum
909 967 976 1022 me
1016 943 1070 1024 ad
1119 941 1308 1025 everten-

373 1094 402 1144 s>
432 1063 505 1144 das
551 1058 736 1145 Athenas
764 1057 953 1173 protinus
982 1057 1185 1158 militare,
1211 1057 1309 1172 quia

372 1211 400 1264 n
432 1178 556 1264 iussis
585 1175 733 1262 nostris
765 1177 993 1264 adiecerint
1027 1201 1064 1256 ‹a›
1099 1199 1310 1264 contuma-

374 1334 403 1382 n
434 1299 547 1384 ciam.
568 1298 610 1382 Si
626 1298 753 1411 igitur
772 1298 1018 1383 declinando
1035 1297 1133 1386 huic
1149 1297 1310 1412 experi-

374 1451 402 1500 η
432 1436 573 1502 mento
609 1416 848 1518 consulitis,
894 1419 1032 1505 decim
1061 1437 1098 1495 o>
1125 1440 1309 1502 oratores

373 1571 401 1622 »
427 1533 591 1624 ¹vestsos
622 1558 661 1614 ω
689 1539 744 1622 ad
777 1567 845 1624 me
893 1537 1042 1624 deduci
1084 1536 1307 1653 potiemini.

375 1690 404 1741 n
435 1661 527 1754 Hoc
547 1655 657 1744 enim
675 1656 801 1744 modo
816 1658 1072 1772 reliquorum
1090 1657 1205 1744 urbis
1238 1686 1310 1743 ve·

374 1812 403 1861 »
435 1799 544 1864 strae
572 1778 796 1863 habebitur
823 1778 929 1864 ratio
967 1811 1009 1861 n.
1040 1778 1167 1864 Hisce
1208 1777 1306 1862 Ale·

374 1897 522 1984 xandri
551 1896 696 1982 litteris
731 1925 828 1984 cnm
866 1902 949 1984 hoc
998 1919 1190 1999 tantum,
1222 1925 1309 1980 non

374 2047 420 2102 se
450 2017 631 2104 facturos
664 2044 754 2104 esse
772 2018 1190 2136 superscripsimus,
1209 2047 1308 2102 een·

374 2141 468 2225 dem
498 2133 712 2253 epistolam
744 2139 893 2224 referri
921 2138 1109 2255 protinus
1139 2140 1310 2223 manda·

374 2287 483 2345 vere.
516 2260 634 2364 Quae
653 2287 779 2346 cause
800 2289 896 2345 cum
914 2287 1013 2344 mox
1032 2257 1190 2344 curiam
1208 2287 1310 2343 con·

374 2380 569 2463 traxisset
599 2375 894 2466 deliberatione
924 2379 1206 2493 praesentium
1235 2407 1310 2463 ne·

375 2500 582 2598 cesseris,
624 2519 762 2584 orator
807 2499 1033 2586 Aeschines
1056 2521 1095 2574 ω
1122 2501 1168 2584 in
1206 2500 1310 2584 haec

373 2623 504 2706 verba
533 2619 804 2706 concionatus
841 2642 914 2712 est

253 2783 291 2814 m
311 2768 359 2815 ω.
434 2739 542 2826 VIII.
576 2739 700 2826 «Etsi
731 2737 882 2841 video,
901 2741 1175 2827 Athenienses
1198 2739 1307 2842 viri,

191 2839 293 2952 ’Ὗ
337 2853 361 2882 ““
377 2893 404 2942 »
435 2880 633 2974 quantum
646 2889 721 2946 nos
734 2861 970 2976 impendeat
981 2891 1032 2945 ex
1043 2861 1247 2978 praesenti
1256 2879 1308 2962 ot,

409 3085 444 3140 (e)
461 3083 523 3130 nee.
538 3082 652 3130 disserit.
667 3081 702 3138 (i)
718 3083 755 3128 ite
772 3081 827 3127 eod.
847 3079 929 3128 lesit.

413 3234 455 3299 (t)
474 3230 668 3288 nemorum
702 3232 839 3301 petivisse
866 3227 905 3284 eh
932 3229 1154 3286 Atheniensibus
1178 3221 1216 3284 'ut
1246 3227 1305 3282 sibi

376 3305 476 3364 decent
495 3323 625 3364 oratores
645 3308 823 3366 dederentur
837 3347 846 3380 ,
859 3305 994 3363 scribunt
1004 3305 1150 3362 Diodorus
1163 3321 1238 3362 xvn.
1261 3303 1305 3360 15.

375 3381 503 3440 Iustinus
523 3399 565 3440 xl.
584 3397 613 3453 4.

414 3465 455 3531 (s)
473 3461 638 3518 Aiexsndro
658 3463 804 3521 stndnisse
832 3461 1004 3517 Aeschinem
1033 3473 1148 3517 constet
1177 3477 1214 3514 ex
1246 3458 1309 3514 eins

375 3539 505 3592 oratione
524 3539 555 3592 in
575 3541 771 3617 ctesiphontem
801 3537 937 3608 esp.'1.11.
971 3540 1049 3608 Ques
1077 3556 1154 3593 nune
1173 3537 1307 3609 seqnitur

375 3615 453 3686 epnd
474 3613 506 3668 ·1·
525 3613 675 3672 Valerium
695 3619 757 3673 eius
789 3613 884 3670 ontio
915 3615 947 3668 in
976 3615 1106 3673 eundem
1135 3615 1309 3670 sententian

375 3691 532 3762 conspiret.

412 3768 456 3838 (3)
480 3767 587 3824 Sensus
608 3781 669 3824 ese:
690 3773 750 3830 Etsi
769 3767 1004 3829 cidestensium
1023 3769 1240 3829 noiissssieruss
1258 3771 1309 3828 iss·

366 3845 490 3927 pendere
510 3861 566 3901 etc.
