3109 4934
589 506 851 598 anaxanon-
1120 531 1205 618 '41⁹²

262 669 545 756 simulameuto
572 674 735 758 obvium
764 703 849 758 una
865 673 1103 760 muneribus
1126 672 1186 759 ef⁶¹

257 787 484 874 funduntur
505 815 563 873 ui:
599 820 730 903 eoque
775 823 927 908 genere
946 816 982 868 υ)
1005 793 1188 880 universi

257 908 312 991 ad
340 908 530 994 meritum
564 911 752 1026 recepti,
792 932 947 997 metum
989 916 1186 1026 obsequio

258 1049 493 1141 mutavere,
529 1051 735 1146 gratantes
773 1031 871 1130 sibi,
911 1059 989 1116 nec
1031 1031 1186 1118 victore

258 1177 375 1234 secus
407 1151 459 1232 ad
489 1151 733 1234 modestiam
763 1149 918 1236 credito
950 1170 995 1234 tu.

99 1289 260 1374 ennam·
318 1268 462 1354 LXVI.
493 1270 580 1354 Illic
609 1267 736 1386 igitur
763 1267 943 1386 primum
966 1270 1205 1356 Persarum·

60 1361 240 1491 Salii?
256 1387 373 1470 omni
410 1417 539 1502 regno
574 1387 770 1504 disposito
807 1387 891 1474 anis
925 1389 1110 1503 legibus,
1140 1412 1183 1477 et

256 1507 347 1591 eius
379 1507 771 1592 administratoribus
791 1510 915 1609 datis,
935 1510 1057 1594 Susas
1077 1539 1180 1622 quo·

256 1655 337 1736 que
361 1625 515 1709 maiore
540 1627 662 1740 longe
681 1627 850 1712 victoris
870 1649 905 1700 ‹c›
928 1629 1067 1740 specie
1080 1658 1180 1742 pro-

252 1742 461 1829 ficiscitur.
480 1745 598 1832 Exim
618 1745 734 1861 Tigri
742 1769 778 1820 ‹⁸›
793 1745 1031 1832 transmisso
1051 1747 1180 1835 Uxios

253 1863 390 1978 pergit
415 1861 585 1950 efferum
608 1866 822 1951 hominum
841 1895 983 1981 genus,
1005 1896 1183 1979 quornm

253 1982 406 2096 quique
450 2006 696 2098 campestres
740 1985 851 2069 dicto
891 2003 929 2062 (ἑ)
968 1986 1182 2072 audientes

250 2099 391 2186 luere:
427 2105 628 2190 montium
670 2133 772 2188 vero
807 2103 965 2188 incolae
1009 2106 1059 2189 de
1102 2107 1181 2202 soli

252 2222 422 2337 ingenio
457 2222 676 2310 ferociores
712 2223 935 2308 obstituros
976 2253 1062 2308 sese
1104 2228 1180 2309 ob-

251 2341 519 2443 nuntiabant‚
550 2345 595 2427 ni
632 2371 748 2428 more
792 2342 913 2427 Darii
948 2345 1178 2428 mercedem

248 2459 330 2548 sibi
351 2461 541 2547 transitus
563 2463 831 2576 dependisset
842 2464 1062 2549 Enimvero
1079 2485 1177 2548 tunc

251 2579 367 2665 Uxiis
403 2595 436 2660 te)
479 2583 717 2697 supervenit
756 2583 1030 2697 improvisus,
1073 2603 1177 2668 stra·

247 2696 381 2810 tisque
414 2701 544 2785 obviis
575 2701 746 2786 celsiora
775 2703 978 2787 montium
1006 2702 1176 2788 scandit

280 2899 315 2950 (a)
331 2895 390 2941 coa
407 2893 557 2955 olendum.
594 2895 629 2950 (l)
649 2896 685 2940 lta
702 2897 829 2942 ssislaaatsa
854 2897 908 2943 soal.
933 2895 1027 2943 credito·
1060 2901 1094 2953 (sl
1118 2895 1178 2940 θοὰ·

244 2959 318 3023 bages
335 2965 423 3010 ήκω.
440 2962 476 3020 (d)
493 2964 554 3010 Ossi-
572 2962 640 3010 diets·
658 2969 690 3018 (a)
706 2965 766 3010 Cael.
784 2965 855 3010 s'sssis.

245 3125 249 3134 ’
283 3113 325 3176 (ι)
343 3108 452 3180 Nempe
473 3127 557 3186 saque
577 3111 689 3165 satiem.
716 3109 814 3164 Codex
832 3109 919 3164 habat
939 3111 1043 3183 genera
1075 3103 1178 3180 Suspi-

245 3184 439 3252 cabanariam
460 3186 661 3258 corrigendum
682 3203 744 3242 esse
761 3191 919 3262 generarier.

282 3268 323 3330 (a)
344 3259 388 3317 Ita
409 3263 473 3316 cod.
496 3265 583 3337 Tigri.
611 3263 661 3317 Est
679 3277 774 3317 antem
792 3265 852 3316 ‘hie
879 3279 934 3326 non
955 3260 1176 3331 Mesopotamia·

245 3341 359 3408 (quem
393 3339 501 3394 Auctor
522 3341 609 3394 huius
631 3339 780 3396 ltiuerasii
809 3359 873 3411 esp.
894 3353 939 3394 rs.
953 3339 1174 3412 dixitl's'gress)

245 3415 296 3468 sed
326 3414 463 3470 Susianae
493 3421 607 3492 liga-is,
637 3437 724 3490 quesn
754 3417 805 3473 alii
837 3419 991 3493 Pasitigrim
1019 3417 1173 3486 appellant.

243 3489 328 3546 Hanc
348 3491 485 3549 Susianae
503 3513 559 3549 uec
578 3495 680 3566 procul
706 3492 785 3548 Susis
814 3495 946 3548 fluentem
967 3506 1051 3548 tocat
1072 3495 1172 3568 Tigrim

243 3565 389 3624 Diodorus
419 3585 490 3626 xvu.
514 3569 560 3644 67.
581 3586 640 3626 m.
664 3585 707 3644 17.
742 3571 934 3627 Consulaotns
965 3585 995 3626 et
1017 3569 1174 3625 Salmasius

243 3645 354 3702 exercit.
386 3645 481 3704 listas.
494 3667 523 3718 p.
535 3647 600 3722 493.
614 3649 756 3705 Callasius
765 3669 855 3724 geogr.
871 3665 921 3706 ces.
931 3647 985 3703 lll.
1009 3664 1054 3725 19.
1076 3648 1172 3719 deque

241 3723 287 3776 his
317 3667 458 3780 indcium
490 3725 673 3784 celeberrimi
695 3727 889 3783 Sanetisrucii
918 3747 1001 3784 wass.
1029 3725 1089 3781 esis.
1122 3723 1172 3780 des

241 3801 316 3856 Eiss·
336 3799 496 3873 darana.
515 3799 580 3878 675.
