3109 4934
564 437 821 514 lauranum
1117 467 1159 539 ¹9

226 611 406 690 meatus,
431 587 534 703 ripis
554 589 759 674 virentem
775 611 827 672 to:
847 591 1157 706 delectatusque

225 711 296 794 tali
311 711 312 716 ‘
326 711 532 793 elemento
555 739 637 792 ‚seu
667 713 847 811 fluento,
866 710 1009 800 uictus
1040 735 1159 798 aestu

223 859 272 914 ac
301 829 542 914 desiderans
582 825 777 942 frigoris,
822 861 876 917 an
921 854 969 914 ut
997 829 1157 915 fortitu·

222 951 365 1034 dinem
397 949 487 1036 sui
503 948 753 1032 intuentium
795 951 952 1060 civium
994 951 1157 1035 theatro

222 1069 426 1169 lactaret,
467 1069 573 1153 saltu
617 1090 790 1182 pontem
821 1068 1001 1154 lluminis
1036 1099 1157 1154 scan-

222 1178 301 1288 dir,
323 1220 408 1275 una
427 1189 574 1304 clypeo
594 1187 809 1300 loricaque
830 1209 874 1272 et
887 1203 926 1268 ιδ)
952 1188 1032 1272 telo
1062 1218 1159 1278 cum

222 1308 426 1395 casside
384 1338 565 1446 mque.
556 1337 725 1394 amnem
735 1337 828 1393 sese
840 1311 1063 1394 translatus
1078 1310 1159 1394 ala·

222 1457 282 1514 cn
269 1430 408 1515 saltu
423 1427 687 1544 praecipitat,
703 1427 874 1542 eiusque
891 1457 1074 1526 omnem,
1087 1459 1155 1520 re·

219 1570 384 1635 tentans
401 1577 529 1648 arma,
542 1547 801 1635 latitudinem
813 1568 943 1640 natat.
953 1549 1154 1633 Itainter·

218 1669 437 1786 pretatus
414 1683 447 1749 tt
464 1690 527 1754 est
544 1667 683 1784 regiae
702 1665 965 1753 fortitudinis
976 1667 1153 1755 formam

219 1817 274 1873 ex
293 1820 338 1874 se
357 1789 480 1872 militi
500 1789 599 1872 dare
622 1788 715 1903 qut
714 1816 759 1870 se
781 1817 826 1873 se
844 1788 1103 1874 lactaverint

40 1945 127 1990 ιι...
136 1941 207 1990 rma
281 1909 433 1994 XXIX.
468 1909 550 1992 Sed
579 1907 763 1992 minores
796 1909 934 1994 animo
965 1907 1154 2021 corporis
1258 1956 1262 1965 ·

8 2029 96 2077 '‘⁸'‘
78 2021 153 2062 ⁰⁸⁸·
221 2029 261 2114 ei
290 2029 402 2114 vires
420 2027 537 2112 fuere
560 2027 858 2144 sustinendae
846 2027 1036 2112 rniariae.
1067 2029 1149 2112 Ca·

218 2150 309 2232 lens
331 2148 486 2264 quippe
506 2149 641 2232 omnis
663 2177 712 2232 ac
730 2167 979 2261 vaporatus,
1003 2149 1152 2233 hausto

220 2267 399 2355 fluminis
446 2265 601 2382 frigore
654 2267 958 2384 penetrabilius
1007 2267 1151 2382 ntique

219 2415 304 2502 quo
331 2387 466 2473 rarior
485 2403 548 2488 to,
579 2407 716 2473 tantos
746 2384 930 2472 febrium
949 2387 1031 2472 sibi
1052 2393 1150 2492 con'·
1186 2392 1190 2400 '

217 2529 352 2595 tractu
400 2536 628 2602 nervorum
674 2537 852 2622 vapores
903 2506 1054 2593 excivit
1077 2527 1150 2609 tet,

217 2628 321 2742 ipsis
365 2628 561 2714 vitalibus
598 2628 642 2713 vi
678 2627 845 2744 frigoris
874 2627 1073 2726 ebriatis,
1103 2648 1152 2712 ut

217 2778 291 2864 spe
321 2751 432 2832 bona
461 2747 616 2832 medici
628 2747 902 2847 laberentur,
931 2747 979 2832 ni
1010 2775 1149 2832 amore

216 2867 260 2952 in
289 2898 385 2953 eum
415 2867 700 2984 diligentiores
729 2865 918 2954 fuissent.

20 3011 169 3126 manifm
138 3011 199 3092 §tiu
262 2987 409 3072 ..XXX
440 2989 548 3072 Tum
573 2987 742 3100 quidem
771 2987 903 3074 fertur
932 2986 1035 3070 illud
1053 3013 1150 3098 spe·
1212 3081 1216 3093 Ι

20 3163 119 3208 ..m
84 3149 159 3196 ‚aa
147 3095 356 3192 '‘“cimen
386 3109 578 3194 extitisse·
609 3107 834 3192 Alexandri
866 3107 1067 3192 virtutum
1097 3106 1150 3191 ad

220 3228 473 3312 amicitiam
486 3225 767 3312 memorabile.
807 3226 1026 3340 Philippus
1060 3255 1149 3312 me·

217 3348 335 3431 dicus
363 3349 465 3434 'alvo
501 3348 591 3431 eius
626 3343 863 3430 incitandae
897 3367 1043 3460 potum
1072 3377 1146 3461 pa-

217 3469 349 3550 rabat.
380 3467 429 3553 Id
456 3467 704 3552 Parmenion
740 3467 922 3552 aemulus
952 3465 1146 3580 Philippo

250 3672 285 3722 ‹a›
301 3669 361 3716 coa
389 3669 440 3732 pto
456 3671 546 3716 vacuo.
582 3669 615 3732 (ι)
637 3669 696 3714 (ιιι
714 3665 756 3716 ut
768 3653 805 3726 ’ω
822 3669 884 3719 coa
902 3669 1020 3719 orma·
1040 3684 1086 3732 pn
1105 3669 1146 3720 tn·

214 3748 353 3802 terpretatur.
372 3738 408 3806 (d)
424 3737 482 3784 coa
508 3737 586 3786 ructu.
605 3742 636 3796 (ο)
651 3737 711 3786 coa
728 3737 805 3786 nisit.
