3109 4934
430 535 492 602 108
681 524 936 599 tssxattunr
960 525 1102 598 tcrvs

427 712 454 760 ιι
488 705 581 762 cum
611 676 676 760 his
719 673 948 760 communis
979 671 1187 758 commodi
1226 673 1359 763 disce-

425 831 453 880 ιι
485 819 620 912 ptator
664 793 900 880 subsicui
875 815 912 870 ιι
933 814 1089 878 metus
1105 821 1181 878 vos
1214 792 1358 880 formi-

425 950 455 1000 »
488 916 584 1000 dine
614 915 828 1002 solverem

385 1121 388 1127 ,
430 1038 619 1122 XXII.
640 1069 666 1118 ιι
696 1033 918 1122 Enimvero
938 1061 1014 1122 vos
1034 1034 1107 1146 qui
1139 1031 1358 1118 conscien-

426 1189 454 1240 ιι
487 1159 560 1242 tia
572 1155 890 1272 premeremini,
918 1153 1023 1240 nihil
1072 1151 1241 1236 omnino
1287 1183 1356 1236 se-

430 1308 457 1356 ιι
490 1277 572 1362 mel
603 1295 636 1352 ιι
636 1303 765 1411 erga
813 1304 907 1390 mea
952 1273 1148 1386 obsequia
1190 1273 1357 1356 consul-

427 1427 453 1476 »
487 1401 645 1495 tontes,
675 1396 776 1507 quin
807 1381 932 1480 etiam
968 1394 1224 1506 explorantes
1263 1392 1355 1475 ido·

427 1545 454 1596 ιι
487 1544 611 1600 neum
642 1537 802 1629 tempus
836 1545 919 1628 quo
955 1543 1068 1598 meos
1106 1513 1355 1598 Macedonas
1435 1597 1439 1600 ,

427 1667 454 1715 ιι
487 1633 730 1721 infestaretis
750 1653 813 1734 tu,
853 1637 898 1720 id
932 1633 1059 1718 animi
1088 1631 1354 1749 prodidistis,

427 1787 456 1836 ιι
487 1757 599 1869 quod
629 1755 847 1840 adversum
887 1783 964 1840 nos
993 1773 1093 1837 tune
1128 1752 1252 1837 etiarn
1280 1755 1354 1836 ha·

425 1906 454 1956 ιι
486 1873 695 1974 buissetis‚
717 1905 812 1960 cum
841 1899 958 1990 patre
984 1903 1078 1958 meo
1105 1872 1352 1988 Zacynthios

425 2021 453 2075 ιι
486 2000 749 2109 oppugnante
764 1997 1023 2080 auxiliatores
1045 1991 1231 2079 diversae
1247 1991 1356 2108 parti

425 2145 452 2196 ιι
485 2115 653 2200 fixeritis.
685 2117 841 2200 Contra
882 2123 1019 2200 autem
1061 2142 1135 2199 vos
1165 2115 1354 2224 [cum]a

424 2265 452 2316 ιι
486 2234 709 2321 Corinthiis
741 2232 1083 2352 oppugnaremini
1102 2247 1128 2333 ‚⁸
1162 2233 1354 2318 Macedo-

292 2441 298 2454 ,
425 2385 452 2436 ιι
485 2385 585 2438 ιιιιιιι
615 2355 774 2440 auxiliis
806 2379 846 2441 et
874 2352 1080 2470 suffragiis
1109 2353 1233 2469 potiti
1271 2357 1352 2439 Co·

425 2504 452 2556 ιι
485 2475 733 2560 rinthiorum
781 2477 868 2561 vitn
914 2505 940 2558 a
989 2475 1107 2560 vobis
1148 2473 1355 2589 repulsam

424 2625 452 2678 ιι
485 2623 573 2679 esse
630 2597 882 2682 meministis.
939 2597 1179 2706 Rursusque
1234 2593 1352 2679 nobis

425 2744 452 2796 ιι
484 2715 696 2802 Minervae
756 2716 1027 2801 simulacrum
1074 2713 1158 2802 ritu
1211 2735 1352 2799 nostro

424 2863 452 2914 ιι
487 2836 738 2948 erigentibus
768 2838 814 2923 in
861 2833 1136 2934 Macedonia,
1177 2863 1252 2949 ros
1297 2835 1352 2920 si·

425 2987 453 3037 ιι
484 2957 668 3041 mulacra
712 2977 753 3042 et
806 2954 1005 3072 imagines
1047 2955 1176 3067 patris
1216 2954 1351 3038 meio
1476 2997 1482 3006 ·

427 3107 454 3156 ιι
486 3077 648 3190 templis
680 3107 727 3161 ac
754 3077 882 3161 sacris
912 3075 1058 3161 vestris
1090 3074 1352 3211 deponendas

424 3226 452 3277 ιι
469 3227 573 3284 esse
604 3197 773 3284 dixistis
803 3193 1065 3312 Egregium
1053 3194 1179 3308 igitur
1221 3193 1355 3280 vicem

420 3346 454 3422 1ιι
485 3346 563 3429 pro
604 3337 666 3399 tot
696 3340 738 3401 et
764 3318 913 3402 talibus
942 3311 1154 3400 beneficiis
1185 3344 1209 3398 a
1237 3311 1353 3400 vobis

427 3462 454 3514 ιι
487 3435 731 3548 accepimus.

460 3672 496 3736 (ι)
513 3677 550 3721 lta
568 3677 622 3721 aod.
640 3677 674 3742 (l)
694 3675 755 3723 cod.
772 3675 826 3724 ιὰ.

473 3829 513 3896 (ι)
530 3821 604 3880 Vide
621 3824 765 3883 lutrinum
785 3840 826 3882 ιι.
846 3843 873 3881 a.
