3109 4934
545 475 623 564 sn'v
647 491 777 564 stenn-
799 493 859 584 111,
1095 499 1171 570 205.

240 675 268 736 n
299 639 466 726 omnino
486 640 612 724 maris
633 670 733 725 sexu
752 639 1010 754 interpolato.
1024 643 1165 728 Enim·

238 791 275 844 »2
300 792 399 848 vero
445 759 578 845 sicubi
618 761 737 844 nobis
781 762 834 843 ad
871 783 1060 844 naturam
1101 786 1173 864 est.

239 914 269 963 »
300 882 620 978 consulendum,
664 908 847 964 annuum
891 908 1053 966 sacrum
1102 905 1165 967 est

237 1031 265 1083 u
299 1002 411 1114 quod
430 999 709 1114 hippophama
728 998 965 1083 vocitamus.
984 1001 1082 1084 Eius
1098 1032 1164 1086 sa·

236 1153 265 1203 n
298 1123 359 1205 cri
392 1150 515 1205 causa
545 1121 596 1202 ad
626 1146 758 1204 mares
780 1141 942 1202 nostros
961 1118 1034 1230 qui
1058 1122 1171 1207 ultra

237 1269 460 1324 »amnem
520 1237 771 1322 extrinsecus
829 1239 1095 1352 perpeluntnr
1124 1261 1164 1322 ‹⁶›

235 1391 264 1441 n
298 1357 438 1442 om'nes
467 1357 594 1441 ferme
623 1357 876 1456 transimus,
920 1379 1043 1470 atque
1078 1357 1161 1442 illic

235 1509 263 1560 »
296 1508 372 1592 per
400 1479 486 1564 dies
517 1500 635 1561 xxx·
665 1480 773 1561 inter
802 1478 904 1559 haec
934 1505 1039 1588 quae
1068 1477 1169 1562 Diis.

234 1629 263 1680 n
296 1619 504 1713 aguntur,
548 1597 622 1679 ubi
664 1593 789 1679 fuerit
834 1596 887 1679 ad
935 1597 1172 1682 lubentiam,

235 1748 263 1798 n
296 1716 505 1802 nubimus.
529 1713 702 1828 Nuptias
732 1743 834 1804 vero
865 1745 960 1797 cum
980 1716 1161 1798 maribus

236 1867 264 1918 >›
297 1835 644 1948 derelinquimus,
679 1833 811 1947 pactis
855 1853 907 1916 et.
923 1833 1086 1948 legibus
1115 1856 1168 1917 ut

235 1987 263 2042 >r
297 1985 485 2069 quaeque
516 1957 625 2039 exim
654 1955 709 2037 ad
750 1982 894 2037 sexum
935 1955 1045 2038 hunc
1075 1954 1161 2039 edi·
1206 2021 1216 2037 .

234 2107 263 2160 >>
296 2097 361 2160 tue
382 2074 512 2176 fuant,
533 2075 700 2158 eaedem
732 2092 766 2149 (ὃ)
787 2093 882 2186 post
902 2073 1161 2186 septennium

234 2227 262 2278 »
296 2198 342 2280 in
386 2195 607 2279 exercitum
649 2193 914 2277 dimittantur.
954 2193 1038 2274 Sed
1084 2192 1161 2276 ubi

231 2345 259 2397 »
293 2317 482 2401 venerint
511 2311 753 2398 erudiuntur
790 2310 905 2423 equis
935 2333 977 2396 et
1008 2311 1158 2425 peltis,

229 2459 257 2518 >t
292 2437 422 2518 donec
465 2435 587 2517 armis
615 2432 788 2547 idoneae
817 2431 979 2516 fuerint

290 2553 456 2644 LXXII.
468 2553 634 2669 »Igitur
646 2553 765 2638 nobis
779 2581 1041 2664 quocumque
1053 2551 1161 2635 mili·
1199 2587 1202 2591 ·

229 2703 257 2755 n
289 2675 459 2757 tandum
485 2694 527 2759 et
545 2696 632 2756 Ἠ·
653 2673 819 2756 milibus
838 2691 1024 2755 nostrum
1044 2671 1160 2778 domi

227 2823 255 2875 n
289 2815 329 2876 et
346 2793 390 2876 in
404 2795 539 2908 patria
556 2789 938 2906 praetendentibus,
951 2812 994 2874 et
1010 2791 1158 2875 ceteris

227 2945 255 2994 n
289 2943 400 2996 arma
430 2933 670 2998 sumuntur:
700 2909 1048 3023 redeuntibusque
1066 2937 1158 2993 mos

226 3065 253 3116 n
286 3055 350 3118 est
366 3035 567 3116 honorem
586 3061 663 3145 pro
679 3030 918 3118 vulneribus
938 3028 1154 3113 numerari.

225 3184 253 3232 n
286 3155 344 3235 Ea
356 3151 475 3235 nobis
489 3151 692 3264 stipendia
702 3149 1158 3263 sunt,haecprovectio:-

225 3303 252 3351 n
287 3292 525 3383 tantumque
546 3268 639 3382 quis
659 3290 844 3354 nostrum
863 3273 1020 3357 honore
1040 3267 1155 3374 dives

222 3421 252 3472 n
285 3411 347 3475 est
377 3410 576 3501 quantum
606 3390 868 3474 cicatricibus
910 3387 1152 3504 insignitior.

223 3540 251 3594 >t
285 3507 450 3622 Quippe
495 3530 537 3592 et
579 3539 732 3593 corona
777 3539 901 3594 aurea
937 3509 1153 3594 redimitae

255 3795 291 3851 (a)
308 3793 344 3840 In
361 3793 416 3840 eod·
433 3789 570 3842 niri'mvit
582 3791 741 3876 perpolirent.
760 3791 796 3855 (l)
813 3792 873 3838 eod.
889 3789 977 3838 eadem

1280 1778 1295 1820 b
