3109 4934
402 531 447 602 66
653 526 915 600 ALEXANDRI
940 527 1088 600 ORTVS

403 676 596 776 evitare,
639 678 833 792 quodque
876 707 900 760 e
948 695 1145 789 suggestu
1199 677 1337 792 regiae

403 797 525 882 turris
576 797 807 914 promptius
850 794 1156 910 'conspicabilis
1206 793 1337 896 foret,

402 947 570 1002 currum
606 915 776 1030 quidem
815 917 859 1001 in
891 916 983 998 loca
1012 916 1217 1028 quaedam
1265 921 1336 1002 ab·

401 1040 583 1122 dendum
612 1039 782 1122 mandat
824 1058 866 1118 et
904 1037 1198 1120 avertendum:
1246 1037 1336 1150 ipse

403 1179 538 1244 autem
559 1187 666 1270 equo
682 1183 907 1278 conscenso
925 1156 1219 1271 properantiae
1234 1185 1335 1240 con·

404 1277 566 1362 sulit·

370 1418 375 1432 '
463 1399 565 1484 LIV.
597 1393 818 1482 Sedenim
847 1395 1080 1482 Alexander
1108 1395 1216 1479 hauc
1257 1396 1339 1482 sibi

229 1489 370 1538 111111
403 1515 653 1632 peculiarem
702 1514 878 1632 gloriam
928 1534 1128 1630 appetens
1179 1515 1216 1599 si
1260 1545 1337 1600 rex

213 3469 287 3584 Alli:

403 1637 564 1752 fugiens
616 1636 1063 1752 conprehenderetur,
1101 1616 1337 1747 ¹animosius

404 1762 637 1856 insecutus,
693 1785 837 1854 currus
879 1777 915 1830 ‹⁶›
945 1755 1112 1868 quidem
1144 1775 1338 1870 armaque

404 1877 559 1992 regalia
581 1887 848 1988 'matremque
867 1905 951 1962 una
969 1897 1011 1960 et
1039 1903 1210 1958 uxorem
1242 1905 1338 1961 cum

405 1999 634 2113 virginibus
658 1993 821 2082 filiabus
844 1998 1021 2082 emensis
1050 1996 1192 2080 stadiis
1220 2026 1337 2081 aera·

402 2119 516 2232 ginta
558 2117 882 2236 conprehendit.
927 2119 1065 2231 ipsum
1110 2145 1211 2200 vero
1246 2121 1335 2200 Da·

397 2239 513 2322 rium
543 2268 629 2324 non
659 2239 796 2323 minus
827 2237 1086 2322 tenebrosior
1105 2264 1335 2375 nonquam

404 2387 546 2443 causus
567 2359 762 2444 velocitas
782 2355 1046 2443 liberaverat:
1073 2354 1230 2473 quippe
1249 2358 1333 2440 iam

401 2477 582 2594 primum
612 2479 657 2562 in
687 2479 792 2562 haec
822 2498 864 2563 et
892 2476 1177 2562 huiuscemodi
1206 2474 1336 2560 fortu-

402 2597 520 2682 naria
566 2597 773 2712 dispositis
818 2599 935 2711 equis
978 2615 1020 2680 et
1054 2597 1204 2682 itinere
1233 2627 1335 2713 pro·

402 2719 504 2804 viso.
535 2719 783 2804 Macedones
813 2746 915 2803 vero
935 2714 1058 2835 potiti
1088 2717 1263 2802 victoria
1287 2719 1333 2800 in

403 2859 535 2923 castra
561 2837 723 2954 persica
752 2838 1013 2953 migravere,
1042 2867 1209 2952 unaque
1243 2837 1365 2928 Ale·⁴

397 2961 556 3043 xander
575 2957 761 3044 tentoriis
782 2959 909 3075 regiis
937 2959 1237 3071 superveniens
1264 2987 1336 3041 ex·
1430 2958 1432 2961 ’

398 3102 538 3192 pertus
583 3082 643 3164 ibi
686 3079 868 3196 primum
898 3099 959 3162 est
986 3106 1072 3161 uua
1102 3107 1197 3162 cum
1227 3076 1334 3160 mili·

397 3199 505 3282 tibus
551 3201 635 3285 suis
665 3199 868 3284 fortunae
914 3199 1024 3285 illius
1055 3226 1103 3282 ac
1133 3197 1331 3282 victoriae

306 3319 733 3517 wemolumeutum
823 3393 829 3404 .

367 3439 538 3520 LV.
566 3439 713 3550 Neque
736 3467 865 3556 mage
891 3439 1052 3551 uspiam
1077 3437 1329 3523 continentis

332 3483 526 3639 ³'arrimi
579 3549 844 3642 moderamen
908 3559 1141 3642 Alexander
1196 3557 1332 3670 potnit

434 3843 467 3894 (a)
484 3839 520 3883 lta
537 3837 591 3884 cod.
610 3831 700 3884 currun'
816 3875 823 3887 .
