3109 4934
378 475 448 588 'aa
728 515 1023 592 rrrnnmnvu

405 671 457 754 de
477 667 563 752 eius
583 661 682 766 filia,
700 661 744 748 ul
769 688 998 806 temperare
1022 667 1079 755 sit
1095 665 1335 806 pulchrius,
1366 739 1370 746 .

404 787 565 901 copiam
588 816 671 868 non
690 789 860 872 morari:
878 787 1075 902 sibique
1062 818 1151 902 rpse
1170 789 1208 874 si
1231 820 1333 875 con·

403 909 540 1006 sudat,
579 934 795 992 sensurum
821 931 857 980 ω
881 936 1023 992 coram
1052 939 1172 995 nosse
1200 909 1333 996 victo-

403 1031 489 1113 riae
530 1027 699 1110 modum
743 1023 917 1140 quisque
958 1028 1121 1113 noverit
1154 1029 1334 1114 vincere.

404 1149 483 1232 Hic
506 1145 658 1232 Darius
676 1173 778 1259 pace
809 1149 1011 1260 desponsa
1038 1148 1224 1262 parando
1242 1177 1334 1232 rur·

403 1297 472 1353 sus
501 1264 611 1348 bello
638 1265 828 1349 incubuit
855 1266 1012 1350 cunctis
1042 1268 1126 1352 suis
1165 1267 1333 1353 viribus.

328 1424 390 1472 aa
465 1387 589 1468 XLV.
620 1389 673 1468 At
704 1412 804 1469 vero
840 1376 1070 1470 Alexander
1104 1389 1333 1472 Palaestina

237 1505 300 1540 ‘'⁸''
404 1505 483 1592 sibi
525 1507 747 1618 integrate,
783 1505 844 1588 ire
880 1506 1120 1622 Aegyptum·
1147 1505 1332 1592 destinat,

404 1627 484 1710 Sed
519 1627 630 1708 enim
651 1625 794 1708 Gazan
818 1643 853 1700 ‹⁸›
874 1627 984 1710 Batis
1003 1627 1234 1710 Eunuchus.
1258 1631 1332 1715 ad·

404 1776 572 1832 vorsum
615 1744 881 1830 transiturum
922 1766 1177 1845 armaverat,
1220 1751 1334 1859 quod

406 1896 454 1950 ea
484 1868 583 1947 urbs
613 1885 807 1980 suggestu
837 1865 994 1965 ardua,
1024 1865 1188 1950 harenis
1220 1867 1333 1952 circa

405 1981 727 2098 perpinguibus‚
753 2007 797 2068 ut
812 2001 845 2062 (u
859 1985 1060 2069 humectis
1079 1984 1177 2069 satis
1197 1990 1332 2072 subsi-

407 2105 504 2203 diis,
531 2103 772 2188 vallaretur:
808 2101 943 2188 valida
971 2105 1124 2204 muris,
1155 2101 1333 2192 difficilis

406 2252 595 2324 accessu,
633 2223 819 2307 ambitu
832 2228 1021 2308 maxirnu
1057 2226 1196 2328 Quare
1228 2257 1335 2363 ‘1¹30‘.

404 2341 516 2426 niam
547 2289 599 2426 ad
627 2343 801 2456 gloriam
829 2345 1011 2428 arduis
987 2365 1023 2420 ι)
1053 2373 1119 2428 res
1164 2345 1335 2430 amicior

405 2491 489 2575 quo
502 2479 538 2538 (ἐι
556 2457 759 2546 difficilior
782 2490 902 2574 spes,
927 2463 1009 2547 hoc
1027 2465 1241 2550 ardescere
1259 2495 1334 2549 rex

405 2580 638 2716 inpensius,
657 2581 881 2694 rimarique
901 2583 1065 2669 laudern
1083 2584 1136 2668 de
1155 2584 1333 2670 molimi-

406 2701 468 2786 nis
500 2695 745 2787 difficultate.

240 2836 385 2903 rudium
464 2821 608 2906 XLVI.
640 2821 769 2940 Igitur
793 2842 834 2905 et
858 2851 1053 2908 accessus
1069 2827 1240 2939 adgestu
1262 2853 1328 2934 su-

406 2942 579 3040 udatur,
619 2965 662 3024 et
690 2940 887 3026 bellum
874 2970 959 3026 ram
991 2941 1193 3028 sacrificio
1227 2973 1329 3027 con-

382 3171 386 3178 ‚
405 3063 641 3162 mandabat3
662 3090 756 3146 cum
778 3062 862 3146 ales
881 3063 1098 3174 quaepiam
1116 3091 1210 3146 arae
1228 3063 1331 3178 lapi·

406 3183 501 3266 dem
519 3181 776 3295 supermittit:
799 3183 916 3285 Quae
940 3203 1053 3268 vates
1079 3203 1121 3266 et
1143 3181 1331 3295 quisquis

406 3303 507 3384 haec
542 3301 771 3386 coniectare
807 3302 853 3386 in
888 3299 1042 3386 artibus
1078 3305 1258 3401 habent,
1289 3323 1331 3386 et

437 3519 474 3568 (ι)
497 3515 557 3560 cod.
588 3493 701 3561 eom-lm
725 3515 843 3562 ramniu
876 3517 910 3573 (d)
936 3519 973 3563 Its
998 3517 1054 3564 ssd.
1074 3517 1216 3564 triniatim
1236 3522 1330 3562 cm

404 3588 439 3638 (c)
456 3583 492 3627 lu
509 3581 562 3627 eod.
580 3593 621 3636 nr,
647 3585 689 3628 sed
705 3585 787 3630 mli·
802 3595 833 3632 ee.
851 3584 890 3649 (d)
907 3585 968 3632 cod.
992 3600 1062 3649 quare
1077 3585 1176 3649 qula·
1190 3585 1225 3631 a
1236 3585 1334 3649 ,Μαι

406 3650 484 3696 ardur'r
499 3665 534 3696 rer
551 3651 625 3695 smr'es
642 3650 707 3713 qud.

444 3803 486 3872 (r)
504 3797 614 3871 Nempe
631 3799 736 3856 creeris.
