3109 4934
486 631 489 638 Ι
521 531 598 604 sav
622 527 748 600 nom
772 531 817 601 n.
1066 549 1130 630 ¹99

266 679 419 764 XXiII.
454 709 482 759 >³
513 679 629 784 Quae
659 678 845 792 profecto
886 709 960 764 vos
1008 679 1132 766 etiam

207 833 236 882 n
267 802 319 884 ad
347 820 603 912 praesentem
638 798 885 884 discordiam
933 801 1132 885 memoria

207 951 235 1003 >t
267 918 490 1031 iniquitatis
521 939 680 1002 vestrae
711 920 912 1017 ducebat,
943 947 1028 1001 non
1075 921 1132 1003 si·

206 1073 234 1122 >›
266 1067 368 1123 nens
398 1039 540 1150 utique
569 1038 708 1122 auimo
737 1058 881 1122 nostro
904 1038 1138 1153 benignita-

208 1191 236 1260 >2
266 1159 379 1272 tique
409 1155 643 1256 confidere,
679 1159 732 1241 ob
761 1157 806 1240 id
835 1157 902 1242 vel
930 1158 1133 1257 maxime,

204 1309 232 1359 »
265 1280 515 1390 nequando
544 1277 753 1362 maiestate
784 1281 863 1364 hac
902 1280 1016 1392 regia
1065 1311 1134 1362 su·

204 1429 232 1478 »
247 1405 250 1416 ’
265 1398 457 1484 blimatus
488 1399 541 1481 ad
569 1397 767 1482 ultionem
798 1401 1042 1514 praeteritae
1071 1399 1133 1480 in-

206 1549 233 1598 »
263 1520 397 1603 iuriae
426 1518 557 1634 magis
588 1547 713 1632 quam
744 1518 797 1601 ad
833 1516 1031 1602 affectum
1073 1518 1133 1602 ci·
1229 1581 1233 1594 .

206 1638 402 1723 »vicum
463 1668 642 1751 raperer.
692 1638 849 1724 Verum
897 1638 941 1721 id
999 1669 1133 1750 neque

115 1775 117 1780 '
207 1759 368 1843 »mihi
398 1789 422 1843 a
452 1777 486 1833 ω
515 1779 662 1843 natura
696 1780 777 1858 est,
827 1787 961 1871 neque
1005 1758 1134 1843 civica

205 1907 232 1960 >›
266 1877 411 1992 religio
459 1879 658 1992 permittit
704 1878 776 1991 qui
819 1900 860 1961 et
897 1879 1013 1993 ,apud
1058 1908 1133 1963 vos

206 2029 233 2078 n
266 1997 492 2083 studuerim
544 2019 605 2099 tt),
636 2019 678 2084 et
721 1997 800 2112 ipsi
842 1999 1134 2084 Atheniensem

205 2149 232 2197 >›
265 2147 354 2202 esse
383 2117 632 2220 malueritis,
659 2123 710 2203 'et
747 2149 827 2234 ego
857 2119 1023 2202 nomine
1051 2121 1132 2203 hoc

203 2267 233 2320 »
266 2235 512 2360 participato
556 2269 622 2322 me
667 2240 822 2354 glorier
856 2237 1159 2352 gloriatusque,

206 2389 233 2438 »
250 2433 252 2440 s
267 2360 355 2442 sim.
384 2359 505 2443 Enim
545 2358 737 2474 intellego
781 2359 967 2442 naturale
1015 2358 1132 2444 vobis

208 2508 235 2560 »
270 2505 358 2562 esse
406 2481 466 2565 sic
520 2507 707 2594 sapere,
765 2509 861 2562 cum
915 2479 1133 2594 praeterita

210 2629 239 2678 >›
270 2626 436 2710 quoque
487 2602 676 2716 exempla
719 2601 764 2685 in
812 2629 911 2701 eos,
955 2630 1132 2713 quorum

209 2749 236 2800 »
267 2719 448 2803 consiliis
478 2719 722 2820 uteremini,
764 2719 906 2803 hostili
926 2723 1015 2804 'vos
1044 2720 1132 2802 ani·

209 2869 237 2916 n
265 2867 335 2948 mo
379 2837 505 2926 fuisse
548 2861 761 2926 testentur.
810 2839 875 2922 Sic
920 2840 1134 2924 Euclidem

206 2986 233 3038 n
266 2961 550 3074 praedicatum
583 2979 616 3045 tet
629 2987 634 2995 ·
649 2963 761 3074 apud
796 2985 871 3043 vos
900 2959 1134 3042 sinceritate

209 3109 235 3158 n
265 3079 472 3165 suadendi·
496 3081 689 3166 clausum.
708 3091 874 3178 carcere
909 3076 1136 3162 necavistis.

207 3229 233 3278 >r
266 3200 332 3282 Sic
363 3202 690 3285 Demosthenem
718 3229 871 3314 porro,
903 3201 1018 3285 cuius
1036 3200 1136 3282 urbs

210 3347 238 3396 »
268 3319 404 3406 vestra
435 3321 618 3436 oratione
639 3321 794 3434 pariter
810 3341 935 3404 staret
958 3341 999 3402 et
1017 3345 1138 3418 cura,

207 3468 235 3518 n
269 3440 315 3522 in
345 3438 513 3534 exilium
542 3442 781 3554 proiecistis.
817 3443 924 3524 Tum
951 3439 1135 3526 Alcibia-

208 3586 235 3638 »
269 3557 364 3642 dem
393 3560 615 3676 legationes
635 3583 805 3645 -vestras
835 3559 994 3646 naviter
1024 3563 1135 3675 apud

241 3763 400 3878 (ageohd.
417 3765 451 3821 (l)
460 3766 520 3812 cod.
530 3767 643 3828 permittit
657 3779 743 3828 quoque
761 3765 825 3827 aput
833 3781 869 3814 m
884 3767 1015 3816 andanum-
1031 3771 1065 3822 (ι)
1074 3765 1136 3812 coo.

201 3847 260 3894 pm
277 3845 349 3881 cestu.
