3109 4934
539 473 638 546 ‚SEV
662 471 790 547 LIBER
812 473 874 546 111.
1110 484 1179 552 223

247 623 572 740 intelligendorum
602 621 823 737 nisiquod
853 620 885 706 ii
913 651 1080 744 quoqne
1099 623 1182 742 ipsi

249 745 506 834 dissidebunt
524 771 658 858 neque
675 763 912 858 congruent
924 743 1051 830 Video
1070 745 1181 831 enim

250 865 433 978 dispares
452 861 750 977 formm'neque
763 861 872 947 inter
889 892 933 947 se
946 863 1116 991 amicus³
1132 897 1181 952 oc

249 1013 417 1100 prorsus
436 985 587 1068 beluile
606 984 1002 1100 saevientem-Atque
1023 986 1068 1070 lri
1091 986 1182 1099 qni·

250 1106 347 1188 dem
363 1106 472 1190 inter
489 1134 534 1188 sc
555 1101 703 1188 'omnes
720 1115 765 1187 te'
783 1124 1002 1220 oppetcute
1020 1107 1179 1192 disoen-

249 1223 352 1308 tient
376 1223 719 1336 dimicabuutque.
739 1221 818 1308 His
839 1221 959 1309 dictis
976 1224 1182 1343 interpres

249 1345 355 1429 ierat
390 1371 609 1430 aversurus
640 1340 799 1428 scilicet
824 1341 943 1458 siqua
973 1367 1111 1460 posset
1140 1368 1183 1431 et

249 1485 465 1549 exusturus
496 1461 727 1577 religiosius
755 1464 937 1576 portenti
966 1465 1075 1550 illius
1105 1467 1183 1551 mi·

247 1604 376 1668 nasot.
388 1584 621 1669 Alexander
635 1611 735 1669 vero
748 1584 886 1668 animo
900 1607 1182 1673 consternatur

248 1702 1183 1822 cumgemitusicoit:ProboneIuppiter‚quam

247 1826 359 1910 bona
382 1851 447 1911 res
463 1845 524 1908 est
544 1822 750 1940 ignoratio
762 1829 1090 1910 metuendorum!
1102 1827 1182 1912 S'ed
1252 1899 1255 1904 .

246 1945 442 2028 hactenus
453 1944 524 2028 illa
536 1943 662 2029 animi
678 1944 902 2030 commotio
916 1941 1184 2031 fuit.Cetero·
1306 1955 1310 1962 '

249 2060 540 2178 quit->viriliter
553 2085 595 2148 et
605 2065 754 2150 decore
767 2092 933 2150 omnem
947 2089 1184 2178 expectatae

249 2185 392 2270 mortis
404 2182 605 2298 impetum
618 2186 919 2300 opperiebatur.
932 2183 1099 2298 Quippe
1111 2187 1184 2299 qui
1268 2213 1273 2224 ·

283 2356 318 2407 (al
335 2352 395 2398 coe.
412 2362 537 2416 ceteraque.

249 2423 413 2438 μι--ο-..-ω
431 2427 483 2436 -ι

286 2465 330 2532 (t)
350 2462 434 2533 Quod
452 2462 562 2518 adtinet
581 2463 626 2536 ad⁴
638 2466 695 2518 hoc
715 2463 871 2520 monatroai
901 2464 994 2520 l'oetue
1015 2465 1182 2540 prodigium

129 2565 132 2572 ²
249 2540 437 2612 elnedemqua
457 2541 701 2611 explicationem,
728 2539 905 2597 conserenda
924 2542 1038 2598 videtur
1058 2543 1183 2599 Senecae

247 2616 385 2674 Suanoria
403 2631 442 2671 tr.
462 2620 546 2672 cuiue
567 2631 764 2689 argumentum
777 2633 840 2673 eat:
861 2619 1004 2678 Deliberat
1025 2619 1184 2680 Alexander

248 2698 295 2751 all·
315 2717 350 2752 nn
374 2693 542 2784 Balplonionr
562 2697 669 2764 inerat,
692 2713 750 2750 eun
770 2695 962 2755 dutummtan
981 2712 1052 2754 esset
1071 2695 1116 2755 illi
1137 2717 1183 2756 re·

246 2791 344 2848 sponso
363 2775 479 2848 auguria
491 2772 652 2848 periculum.
673 2769 764 2828 Porro
784 2775 840 2828 rub
868 2773 953 2830 finem
986 2775 1048 2831 aina
1077 2775 1183 2830 Suano-

247 2851 310 2906 riae
329 2855 400 2908 haec
422 2853 569 2922 leguntur:
591 2849 786 2907 Declamitalat
805 2855 910 2908 Fuscos
923 2849 1063 2909 Aurelliur
1075 2867 1183 2909 contro·

246 2932 355 2986 vereiatu
374 2929 409 2986 eie
427 2925 477 2986 illa
493 2947 563 3004 puae
584 2944 683 3004 proreta
712 2949 790 3006 quarn
809 2944 860 2995 ter,
877 2947 995 2987 mortuos
1019 2945 1181 3008 pepererat,

244 3011 387 3066 somniasse
399 3026 430 3063 re
442 3005 514 3062 dixit
526 3009 599 3064 utin
615 3007 675 3062 luco
690 3021 808 3082 pareret.
826 3005 913 3064 Valde
925 3009 956 3062 in
975 3024 1020 3064 oca
1039 3023 1184 3064 contuere-

246 3085 333 3142 liorur
344 3089 437 3160 suero,
451 3087 477 3140 si
491 3101 571 3140 totam
584 3087 785 3141 controuersiam
798 3103 876 3161 quarn
888 3103 934 3160 ego
947 3079 1072 3159 intelligo
1086 3103 1126 3140 tae
1138 3084 1183 3139 dt·
1250 3117 1256 3126 ·

245 3179 312 3229 rere¹
325 3165 427 3221 Fuscus
437 3159 606 3230 declinaret,
619 3175 645 3216 et
654 3179 755 3238 aperte,
762 3177 873 3218 autnon
882 3163 1183 3238 agnosceaeiepuerun‚

246 3255 373 3298 tractaret
392 3242 477 3306 locuni
497 3255 591 3294 contra
609 3241 735 3304 munla,
758 3255 787 3295 et
815 3243 934 3296 Deorum
960 3239 1180 3313 praudentium,

245 3333 272 3374 et
289 3317 354 3375 reale
373 3318 407 3372 ele
425 3315 612 3390 magnitudine
624 3321 746 3372 Deorum
765 3316 880 3372 dixisset
898 3318 990 3374 aretari
1017 3337 1101 3384 euna,
1133 3315 1184 3395 qni

217 3441 218 3446 ,
245 3393 312 3449 illos
330 3399 401 3451 circa
439 3413 566 3470 uerperae
583 3397 710 3452 mitteret.
730 3395 827 3466 Atque
847 3397 924 3448 ltuuc
944 3393 1063 3465 quidam
1083 3393 1182 3450 locum

246 3469 341 3542 Faber
360 3487 389 3527 et
429 3473 537 3526 etreiua
558 3472 588 3526 iu
608 3473 685 3526 notia
706 3471 742 3525 ad
763 3471 902 3526 Senecam
917 3471 1019 3527 dicunt
1037 3472 1180 3536 mutilum

249 3565 378 3604 ceterum
398 3549 517 3621 utrique
546 3549 660 3603 ridetur
690 3547 803 3606 Fuecue
837 3548 1048 3604 declamatione
1078 3562 1183 3604 contra

249 3644 350 3683 vanam
371 3627 596 3699 puerperiorum
615 3627 868 3682 obeervationem:
888 3644 963 3700 quae
978 3646 1024 3683 rea
1037 3625 1183 3682 narratio-

247 3723 311 3760 nem
325 3703 464 3760 Hietorici
478 3704 570 3760 uoatri
590 3705 632 3758 ita
657 3705 781 3759 l'ortnaee
797 3706 944 3776 raapicit‚
968 3720 1001 3760 ut
1018 3705 1089 3759 mihi
1111 3705 1182 3758 hinc

135 3845 138 3854 Δ
247 3784 349 3855 aliqua
367 3783 478 3836 oriatur
499 3781 640 3852 eueploio,
656 3783 802 3852 Aeropum
822 3797 888 3839 aute
908 3781 1033 3838 Senecae
1044 3795 1076 3836 et
1093 3779 1182 3838 Furti

245 3877 367 3917 aetatem
387 3859 539 3915 historiam
557 3875 639 3917 auam
661 3857 797 3914 edidieea.
