3109 4934
415 501 418 508 ’
546 541 627 614 sav
651 538 777 612 ιιιιιι
802 539 866 611 ιιι.
1020 602 1024 608 .
1101 547 1166 637 ιιι

165 697 170 702 ’
239 723 267 776 ιι
300 689 508 780 temeritas
563 691 706 802 utiq'ue
772 709 835 775 est
887 689 1166 808 intelligenda}

239 845 271 898 ιι
303 813 443 916 Quare
464 810 594 906 ‚sicuti
627 809 706 894 tibi
737 811 1008 896 constantiam
1048 810 1169 930 fingit

240 963 268 1014 ιι
300 933 369 1018 ille
416 945 693 1042 contemptus,
737 931 851 1014 velut
894 960 1036 1016 earum
1084 933 1168 1020 lor·

238 1083 268 1133 ιι
298 1074 418 1136 tuna·
457 1051 641 1167 gentium
702 1050 875 1134 minime
934 1080 1167 1156 moveare,

235 1202 264 1255 ιι
296 1202 403 1286 quae
433 1193 529 1257 sunt
559 1202 583 1255 a
612 1171 732 1257 nobis
762 1172 874 1254 bello
923 1194 1168 1286 superatae3

238 1324 267 1378 ιι
296 1294 356 1377 ita
372 1305 459 1378 ‘nos
491 1321 657 1405 quoque
687 1291 864 1376 nihilum
889 1293 1057 1376 omnino
1088 1315 1170 1379 ter·

237 1413 276 1494 ιι’
296 1412 406 1497 rebit
444 1414 668 1498 verborum
691 1412 794 1496 vista
835 1408 1170 1525 magnificentia,

237 1564 267 1618 ιι
297 1563 403 1646 quae
428 1531 666 1618 temeritatis
691 1551 854 1618 vestrae
885 1532 1011 1615 iudex
1029 1535 1168 1648 potius
1228 1575 1231 1579 ·

236 1683 264 1734 ιι
298 1675 360 1736 est
389 1683 514 1766 quam
545 1649 864 1736 fortitudinis».

60 1790 143 1904 aa...
200 1807 222 1836 r
297 1775 367 1856 IX.
397 1767 474 1858 His
504 1773 622 1858 lectis
651 1773 784 1857 Porus
815 1773 869 1855 ad
903 1773 1002 1855 belli
1032 1775 1168 1879 studia

236 1883 495 1977 incitabatur.
539 1891 664 2007 Cogit
712 1920 815 2006 ergo
860 1894 1086 1977 exercimm
1126 1915 1168 1977 et

238 2013 564 2128 quamplurimos
585 2013 828 2127 elephantos
844 2033 1064 2126 ceteraque
1094 2043 1168 2128 ge·

238 2162 340 2218 nera
384 2135 608 2218 bestiarum
651 2133 801 2244 quibus
843 2133 939 2216 Indi
984 2130 1169 2217 conmili-

241 2273 408 2353 tantm,
447 2275 674 2367 contraque
707 2283 779 2337 eos
810 2255 1086 2338 Macedonum
1127 2251 1171 2336 et'

240 2373 460 2459 Persarum
492 2373 635 2459 aderat
672 2373 903 2458 multitudo.
945 2373 1169 2459 Enimvero

98 2569 102 2576 .
241 2521 337 2575 cum
386 2493 478 2578 illos
529 2495 627 2578 Pori
671 2522 868 2578 numeros
916 2495 1170 2578 Macedones

238 2611 498 2697 intuerentur
537 2643 622 2698 una
653 2635 689 2689 (σι
717 2612 787 2697 his
822 2610 983 2699 'bestiis
1013 2643 1171 2698 memo·

238 2755 378 2836 ratos,
431 2735 653 2818 admodum
699 2735 837 2819 auimo
886 2735 1046 2818 turbari
1074 2763 1170 2817 coe·

235 2881 366 2966 pere,
395 2855 508 2938 haud
556 2853 680 2937 dubie
712 2855 991 2938 cunctabundi
1021 2857 1075 2938 ob
1107 2854 1170 2936 in·

190 3005 192 3010 ·
235 2975 452 3058 solentiam
482 2975 685 3059 eiusmodi
732 2975 908 3088 proelii,
938 2975 1051 3086 quod
1084 3001 1169 3056 una

205 3116 345 3178 ,esset
373 3123 470 3178 cum
499 3094 740 3178 hominibus
772 3095 964 3205 barbaris
1001 3114 1044 3177 et
1078 3122 1168 3177 om-

237 3211 400 3327 nigenis
449 3213 593 3298 bestiis
649 3215 898 3328 agitandum.
943 3213 992 3297 ld
1042 3211 1169 3297 animi

239 3361 385 3416 eorum
414 3362 499 3417 non
520 3334 626 3417 clam
646 3337 923 3420 Alexandrum
942 3330 1032 3416 fuit·
1058 3335 1168 3418 Nam

237 3450 329 3565 ipse
375 3479 540 3568 quoque
577 3481 663 3538 uua
697 3475 792 3538 cum
825 3457 916 3568 [iis]
940 3451 1168 3540 bestiarum

236 3570 317 3654 ista
341 3571 524 3656 novitate
553 3579 812 3660 movebatur.
1236 3573 1242 3584 ’

271 3727 306 3780 (ι)
323 3725 382 3772 cod.
400 3685 495 3788 neuqua

278 3857 319 3923 (ι)
349 3853 440 3908 Canes
471 3855 589 3928 quidem
622 3857 737 3912 indicos
767 3855 868 3912 solitos
888 3856 1001 3928 agurius
1034 3853 1167 3912 comitari

235 3929 312 3987 dicit
329 3931 492 3990 Herodotus
511 3947 564 3990 ιιι.
584 3929 647 4006 187.
