3109 4934
610 437 690 506 SEV
715 434 841 506 LIBER
865 437 891 506 1.
1198 461 1221 532 9

301 609 342 670 et
375 599 470 683 cum
502 583 609 668 dieto
639 585 747 699 rapit
777 585 988 700 gladium,
1008 615 1232 700 omnesque

295 701 371 820 qui
420 700 525 787 forte
572 732 660 790 sese
702 705 832 788 veluti
875 708 926 788 ad
961 710 1229 821 comprehen-

295 825 479 908 dendum
508 823 747 922 irruerant,
777 824 963 908 dissicit:
992 855 1160 938 prorsus
1184 848 1231 908 ut

293 943 536 1029 nihilum-de
560 943 863 1028 Centaurorum
881 944 1230 1058 Lapitlrarumque

290 1064 485 1152 convivio
517 1065 773 1146 demutaret:
813 1086 883 1147 aut
918 1065 1030 1176 quod
1058 1063 1119 1146 illi
1167 1065 1230 1148 rei

290 1185 343 1269 sit
372 1185 641 1299 proximum,
670 1213 820 1296 procos
850 1183 1007 1270 diceres
1042 1214 1138 1268 cum
1166 1186 1230 1266 ul-

288 1325 379 1388 tore
411 1305 534 1388 Ulixe
577 1303 820 1387 deeernere.·
856 1309 1054 1422 Egressus
1101 1303 1227 1417 igitur

291 1422 484 1508 concedit
514 1424 566 1506 ud
596 1445 778 1508 matrem.

78 1552 269 1669 .as⁸e¹i1i⁸”‘¹'³
350 1544 419 1627 VI.
439 1542 558 1626 Enim
584 1545 658 1655 qui
688 1548 857 1630 aderant
873 1544 1109 1659 Philippum
1138 1575 1223 1632 non

31 1761 34 1770 ,
79 1689 179 1736 enm·
193 1639 270 1684 ”m
290 1667 446 1778 absque
477 1661 713 1750 discrimine
742 1667 1002 1750 vulneratum
1031 1663 1224 1749 cubiculo

287 1781 562 1884 inducebant,
593 1785 784 1900 lectoque
815 1786 1036 1898 deponunt.
1079 1784 1223 1868 Sedis

287 1935 383 1990 cum
414 1925 508 2019 post
528 1903 829 2016 complusculos
851 1904 937 1989 dies
958 1905 1040 1988 iam
1069 1907 1221 1986 bonam

285 2054 402 2139 spem
434 2021 638 2107 curationi
667 2023 950 2137 promitteret,
989 2023 1219 2138 ingreditur

285 2144 416 2228 amica
447 2143 718 2228 sollicitudine
751 2167 848 2230 tunc
871 2142 1125 2244 Alexander,
1156 2175 1220 2229 as-

284 2265 505 2376 sidensque
537 2263 686 2348 lectulo
722 2266 967 2369 «Quaeso,
996 2262 1157 2377 inquit,
1191 2297 1217 2350 o

281 2415 308 2464 n
343 2383 532 2498 Philippe
570 2386 743 2494 (adhuc
781 2387 893 2470 euim
923 2408 963 2469 te
990 2386 1070 2468 hoc
1100 2413 1215 2470 com-

279 2535 306 2584 »
342 2503 457 2587 muni
480 2520 516 2585 ‹⁸›
536 2505 705 2588 nomine
730 2505 934 2620 alloquor,
954 2525 1004 2589 ut·
1026 2504 1213 2605 amicus,

279 2655 307 2704 ³>
339 2625 534 2708 donicum
565 2641 601 2708 tt>
633 2625 759 2738 putris
789 2625 833 2708 in
863 2648 903 2711 te
933 2627 1119 2720 animum
1151 2654 1215 2709 re-

277 2775 304 2826 »
339 2747 606 2859 cognovero)
628 2745 737 2858 'quid
757 2747 920 2834 tandem
952 2750 1033 2844 hoc
1061 2744 1124 2827 rei
1154 2768 1215 2828 est

278 2896 305 2944 u
337 2865 449 2978 quod
482 2885 522 2948 te
555 2863 701 2950 avertit
738 2897 761 2950 a
797 2866 1001 2980 coniuge?
1034 2867 1154 2950 Aveo
1178 2887 1212 2938 ‹e›

279 3016 305 3065 >r
336 2985 447 3069 enim
476 2984 583 3068 scire
604 2985 758 3070 vindex
788 3008 830 3069 et
848 2987 958 3068 ultor
981 2984 1142 3067 futurus
1165 2983 1210 3065 iu

276 3137 305 3184 u
335 3125 507 3188 matrem
528 3103 564 3188 si
596 3104 717 3219 culpa
737 3105 888 3190 meruit
914 3107 1026 3218 quod
1057 3131 1208 3186 evene-

275 3255 305 3304 »
335 3244 408 3306 rat.
440 3226 534 3309 Huc
565 3226 697 3323 adde,
729 3225 764 3310 si
794 3226 948 3342 placet,
980 3226 1131 3338 probes
1152 3255 1205 3307 ne

277 3373 305 3422 >i
335 3344 446 3426 illam
465 3345 610 3459 Lysiae
640 3344 683 3426 in
709 3346 989 3430 Alexandrum
1018 3346 1204 3458 petulan-

277 3495 305 3542 u
336 3462 436 3548 tiam
456 3463 472 3546 l
497 3468 702 3578 probesve
724 3467 847 3550 etiam
863 3466 990 3582 patris
1010 3465 1054 3549 in
1072 3462 1208 3548 filium'

289 3666 344 3734 ⁸(a)
361 3666 419 3714 (luel.
434 3668 468 3713 ad
480 3667 522 3715 loe
538 3672 598 3716 mla
614 3682 636 3718 to
650 3671 691 3718 doe
709 3684 731 3718 rt
746 3673 866 3723 emal.
890 3671 927 3728 (d)
951 3685 996 3732 pro
1015 3671 1118 3716 donicum
1134 3673 1207 3717 babet

275 3734 328 3782 loni
342 3752 399 3786 em.
431 3743 462 3800 (e)
479 3739 632 3800 cadram,
