3109 4934
356 551 400 622 40
612 500 869 604 uuxtum'u
894 525 1038 598 ourvs

353 673 550 790 quodque
597 673 688 758 aevi
732 667 1010 790 longinquitas
1056 693 1297 786 superasset

353 827 403 880 ac
428 793 643 894 diruisset,
674 789 1054 906 simulacrumque
1041 791 1290 878 intrinsecus

353 917 500 1002 sedens
530 945 582 999 ex
612 945 661 998 ea
685 911 855 998 materia
886 910 1133 1027 figuratum,
1163 941 1290 1026 quam

355 1036 569 1121 dinoscere
589 1031 748 1118 homini
767 1031 920 1118 uirium
938 1061 1023 1116 non
1043 1053 1106 1116 est
1134 1053 1185 1117 tu.
1206 1032 1289 1114 Sed

356 1175 525 1271 propter
575 1151 854 1240 sedentariam
893 1155 1031 1236 Deum
1056 1149 1290 1236 adstiterat

356 1273 551 1390 puellaris
578 1271 733 1390 effigies
762 1270 978 1386 spectabili
1006 1269 1289 1386 magnitudine

359 1417 400 1481 et
418 1417 442 1471 t·
428 1417 454 1469 ¹>
471 1392 776 1508 pulchritudine
806 1392 1041 1478 veneranda
1060 1412 1106 1474 ‹a›

421 1514 571 1598 XXXI.
604 1512 847 1624 Cumque
810 1541 898 1597 erus
916 1510 1127 1627 religionis
1145 1506 1292 1594 Numi·

237 1583 344 1635 metuet

178 1653 263 1702 διο·
237 1655 347 1720 ·t1·⁵··
363 1663 418 1722 nu
446 1652 807 1769 percunctaretur,
831 1661 921 1718 sese
942 1631 1108 1746 quidem
1127 1632 1291 1714 accolae

366 1753 510 1838 certim
530 1771 566 1838 (o
585 1750 691 1838 scire
716 1755 1012 1836 rennuebant
990 1773 1051 1834 tt:
1082 1749 1292 1866 accepisse

365 1895 504 1959 tamen
533 1870 685 1957 traditu
704 1872 851 1973 veteri,
870 1871 980 1956 lovis
1001 1899 1049 1956 ac
1067 1867 1235 1956 Iunonis
1255 1887 1292 1944 ‹³›

178 1723 310 1771 moenia.

399 2103 434 2156 (ι)
450 2099 510 2144 (lod.
527 2112 574 2158 pro
591 2108 615 2145 et
627 2099 700 2144 laabet
715 2113 749 2146 ee.
776 2098 810 2156 (l)
828 2099 865 2144 Ita
881 2099 938 2144 eod.
955 2099 1040 2144 certin-
1065 2100 1100 2155 (c)
1115 2097 1153 2142 Ita
1173 2097 1228 2142 ced.

1142 2172 1151 2210 Ι

405 2276 448 2343 (ι)
468 2271 533 2327 Sine
553 2273 643 2328 dubio
662 2291 756 2328 termo
776 2286 821 2328 eet
839 2273 876 2328 de
895 2272 1045 2348 Serapidis
1064 2273 1154 2344 tigno.
1183 2271 1294 2344 Loqui·

367 2361 414 2406 tur
437 2363 531 2405 autem
546 2352 655 2405 Auctor
674 2350 760 2420 plane
780 2367 815 2405 ex
836 2363 965 2406 veterum
994 2349 1216 2405 idololetrarum
1240 2349 1295 2403 do·

333 2453 338 2464 ·
367 2427 469 2482 ctrina.
489 2427 620 2499 Namque
639 2430 743 2482 horum
762 2426 834 2495 alii,
855 2440 925 2483 teate
944 2428 1091 2483 Clemente
1121 2427 1203 2481 Alex.
1224 2433 1294 2483 Pro·

365 2517 451 2636 iiiii
466 2503 672 2636 idotiidaonetii
685 2501 863 2654 addedd-n?
866 2505 929 2637 aiii
948 2505 1294 2653 'diutariudmaiigedid-

365 2676 451 2728 aere,
472 2659 570 2724 ferro,
592 2657 730 2728 plumbo,
752 2673 854 2714 stanno
873 2671 915 2712 et
920 2659 999 2714 omni
1018 2675 1123 2731 genere
1141 2657 1293 2728 lapidum,

364 2735 452 2790 etiam
463 2735 671 2808 pretiosorum,
684 2751 849 2792 concretam
862 2734 999 2792 dicebant
1010 2754 1028 2791 a
1041 2735 1166 2808 quodam
1180 2735 1292 2791 artifice

309 2843 313 2852 ·
363 2811 478 2886 Bryne
497 2812 577 2868 iueeu
597 2810 768 2868 &noeteidie
789 2832 807 2866 a
825 2832 884 2886 quo
903 2813 970 2884 poe‘t
988 2813 1126 2868 victoriae
1151 2813 1292 2868 maximae

363 2889 476 2946 Numen
492 2889 568 2948 illud
587 2889 751 2946 dedicatum
771 2892 819 2946 eit.
839 2891 912 2946 Sane
931 2904 960 2945 et
978 2887 1108 2946 Rudinus
1131 2891 1207 2946 Hiet-
1226 2892 1291 2947 eccl.

365 2981 407 3023 ar.
426 2965 474 3024 23.
493 2967 534 3022 ait
553 2967 638 3038 vulgo
657 2966 803 3022 creditum
823 2967 1011 3023 simulacrum
1031 2987 1066 3022 ex
1086 2967 1217 3023 omuibus
1242 2985 1292 3040 ge·

364 3045 484 3101 neribus
502 3044 684 3102 metallorum
704 3047 907 3118 lignorumque
929 3044 1128 3116 compositum.
1160 3041 1294 3101 'l'heodo-

365 3136 444 3178 retu·
465 3137 559 3178 nmen
578 3126 653 3179 fflet.
674 3125 740 3180 eccl.
758 3121 796 3179 V.
810 3138 855 3176 aa.
875 3123 1000 3194 ligneum
1020 3123 1102 3177 dicit.

403 3198 597 3272 (a)1otellige
617 3199 733 3258 leidem.
753 3197 827 3256 Saue
858 3199 1025 3254 Macrobioe
1059 3203 1170 3255 Secum
1203 3195 1227 3253 Ι.
1246 3213 1292 3256 ao,

364 3290 432 3344 poet
451 3277 616 3350 aegyptium
641 3275 809 3350 Serapidem
828 3277 1007 3349 deaeriptum
1037 3276 1097 3331 ait:
1124 3278 1182 3332 reis
1196 3274 1293 3334 lunen

365 3353 416 3409 η’
438 3355 497 3411 'ne
516 3353 673 3412 celebratur.

404 3437 416 3500 (
436 3435 447 3500 )
468 3429 537 3498 Ccd.
559 3431 630 3488 lovis
650 3431 726 3491 Aeaei.
747 3429 804 3486 Sed
822 3430 1048 3486 emendationem
1061 3427 1227 3499 suppeditat
1245 3446 1295 3484 oo-

365 3505 422 3561 dex
440 3522 560 3578 graecus
573 3510 665 3564 ambr.
686 3509 715 3563 iu
735 3527 795 3580 quo
814 3508 920 3578 legitur
939 3511 1010 3575 Διὸς
1030 3507 1082 3564 eoi
1094 3509 1192 3581 ‘lepte'e
1208 3511 1221 3576 (
1232 3507 1295 3578 lege

359 3586 480 3655 Ἥρας)
501 3583 587 3659 lapda.
614 3585 745 3640 lamvero
765 3599 794 3639 et
811 3603 916 3639 numen
945 3585 1064 3640 Iunonie
1085 3587 1236 3641 adoratum
1255 3585 1293 3638 ab

364 3659 515 3734 Aegyptiis
545 3675 686 3717 testantur
715 3659 860 3716 Diodorus
888 3659 911 3715 Ι
935 3661 979 3718 13.
1010 3661 1166 3730 Horapollo
1191 3665 1295 3718 Hiero-

363 3737 567 3815 glype.1.11
595 3735 772 3810 Porphyrius
792 3737 827 3794 de
847 3736 953 3795 Alesiae
972 3739 1011 3795 11.
1025 3737 1071 3796 55.
1091 3739 1166 3811 Quin
1185 3739 1293 3794 diserte

367 3815 504 3886 templum
517 3815 595 3871 lovie
607 3827 635 3870 et
645 3815 763 3870 Iunonie
776 3817 1008 3888 antiquissimum
1021 3820 1051 3875 iu
1064 3817 1194 3893 Aegypto
1206 3815 1296 3873 tradit

365 3891 511 3950 Diodorus
531 3891 557 3948 Ι.
578 3888 623 3949 15·
