3109 4934
570 528 654 602 SEV
679 529 808 600 LIBER
829 531 859 602 1.
956 571 959 576 ·
1136 532 1181 604 63

252 715 280 765 u
314 695 531 786 contentus
560 673 736 792 imperio
772 676 908 760 Pellae
956 707 1003 762 ac
1046 679 1185 764 Mace·

252 835 281 885 u
312 801 461 888 doniae
509 825 623 883 sessu
668 795 883 883 audaciam
921 817 1033 882 tuam
1072 800 1183 886 inter

248 954 278 1004 >r
308 919 548 1053 proximos
548 915 783 1004 iactitare?
817 915 1037 1022 Enimvero
1066 948 1186 1006 usur·

249 1073 278 1123 ι)
307 1065 382 1155 pas
402 1063 439 1116 ‹a›
462 1035 623 1153 regium
653 1065 835 1135 nomen,
865 1057 908 1120 et
936 1051 1187 1156 congregata

247 1162 276 1244 ι’)
309 1159 387 1245 tibi
416 1160 469 1243 ad
498 1157 740 1244 societatem
781 1156 949 1246 sceleris
994 1159 1187 1272 parilium

249 1313 278 1364 u
309 1278 613 1394 conspiratione
644 1279 805 1364 hostem
835 1296 877 1360 te
926 1278 1055 1364 nostri
1089 1309 1186 1394 pro·

250 1433 280 1482 >r
310 1397 464 1500 literis,
515 1397 585 1482 cui
633 1427 759 1512 quam
801 1396 926 1512 longe
973 1421 1186 1514 praestan-

211 1549 215 1560 ’
252 1543 281 1604 'u
311 1521 392 1606 tius
413 1539 448 1598 ιιι
475 1516 583 1603 foret
610 1517 655 1602 id
681 1516 789 1603 inter
818 1517 1046 1606 Graeculos
1070 1519 1187 1606 iacti·

251 1673 281 1723 »
310 1660 424 1741 tare,
454 1668 556 1754 quos
577 1637 760 1732 Graecos
781 1635 866 1724 fere
896 1661 942 1722 ut
970 1639 1134 1726 inutiles
1150 1659 1186 1726 (τ)

251 1762 530 1849 »Persarum
565 1787 695 1877 regna
736 1787 823 1842 non
862 1782 1077 1872 quaerunt.
1119 1763 1188 1846 Sat

254 1914 283 1965 >r
313 1881 447 1997 igitur
468 1883 602 1966 habeo
632 1879 700 1967 vel
730 1881 812 1964 hoc
840 1899 1000 1966 tantum
1028 1881 1188 1998 impru-

254 2035 282 2086 »
313 2001 476 2088 dentiae
505 1999 697 2116 signum,
731 2001 844 2111 quod
872 2021 984 2086 ratus
1013 2031 1090 2086 nos
1119 2032 1188 2089 ve·

254 2154 282 2203 >a
315 2123 507 2208 stratibus
528 2120 681 2208 similes
701 2121 784 2206 lruc
803 2119 1060 2206 contendisti.
1076 2124 1187 2227 Quin

255 2275 283 2324 n
313 2273 414 2358 ergo
444 2263 580 2326 errata
610 2241 808 2356 corrige,
848 2268 925 2325 nec
955 2241 1081 2326 addas
1110 2246 1188 2329 hu-

254 2393 282 2443 »
313 2363 492 2450 iusmodi
510 2360 761 2454 facinoribus
782 2363 1093 2448 incrementum.
1116 2367 1190 2450 Eat

253 2513 280 2564 >r
315 2483 423 2570 enim
453 2484 580 2583 scire,
611 2511 687 2567 nos
718 2481 870 2595 quibus
899 2488 1084 2570 Deorum
1113 2515 1188 2598 pu·

253 2631 281 2684 >›
313 2604 413 2688 riter
442 2624 484 2687 et
511 2603 732 2716 prudentia
762 2622 805 2685 et
833 2603 1010 2719 dignitas
1044 2601 1186 2707 favet,

252 2751 279 2803 >r
313 2721 494 2838 peccatis
524 2723 612 2810 istis
644 2743 689 2807 ut
718 2722 933 2809 hominum
952 2727 1186 2811 subvenire.

253 2873 280 2922 >r
313 2846 472 2928 Censeo
502 2843 628 2958 igitur
656 2843 718 2926 uti
750 2845 803 2928 ad
834 2846 1089 2928 adorandum
1120 2875 1188 2930 me

252 2993 279 3042 >r
313 2965 482 3064 venias,
505 2992 577 3062 ne
608 2983 752 3048 contra
782 2963 1059 3077 inobsequens
1088 2995 1189 3081 poe

251 3115 278 3162 u
312 3114 410 3168 nam·
450 3113 527 3197 pro
568 3084 690 3169 venia
733 3085 943 3170 merearis.
989 3086 1114 3188 Quod
1144 3107 1191 3170 ut

252 3234 279 3282 u
312 3204 390 3289 tibi
418 3227 554 3287 ratum
585 3203 637 3288 sit
660 3206 803 3290 Iovem
822 3203 915 3290 iuro
935 3224 976 3290 et
995 3227 1188 3320 parentes

252 3354 280 3404 >a
313 3353 452 3423 meos,
496 3351 661 3408 omnem
691 3324 752 3408 tui
780 3324 973 3410 iniuriam
1001 3327 1187 3440 protinus

253 3473 280 3522 >r
315 3475 337 3527 e
367 3472 461 3526 meo
488 3461 657 3556 pectore
687 3473 942 3532 recessuram
964 3478 1007 3530 u.

290 3777 325 3828 (ι)
342 3773 401 3818 (lod.
420 3788 535 3836 ιιιιφιιισ
550 3787 602 3820 non
617 3773 669 3820 sine
685 3773 768 3820 lirun.
787 3776 821 3832 (l)
837 3775 896 3822 (lod.
908 3779 1059 3839 prmum.
1076 3781 1110 3836 (e)
1125 3774 1188 3822 eod.

253 3843 319 3888 luter
338 3839 424 3888 unuln
441 3853 466 3888 οι
481 3847 599 3890 Pomm
615 3842 750 3904 interponit
766 3845 907 3892 mmm.
