3109 4934
563 459 578 494 l

508 581 584 650 SEV
608 580 735 650 LIBER
757 581 800 651 11.
846 619 849 626 ·
1050 587 1117 654 113

193 734 338 836 Quare
395 749 494 811 tunc
536 727 701 810 demum
753 726 962 839 subplices
1007 759 1119 814 sum-

194 851 411 959 missique,
460 873 514 927 ne
545 845 650 927 illud
695 845 904 930 excidium
955 845 1038 932 sibi
1079 867 1122 932 et

195 966 405 1083 captivitas
434 982 754 1081 perseveraret,
788 965 1025 1079 procedunt
1056 969 1121 1050 ad

193 1116 296 1199 quos
339 1113 414 1168 rex
464 1083 549 1166 ait:
601 1082 863 1194 «Equidem
903 1083 1017 1185 scio,
1053 1115 1124 1170 me

191 1239 218 1288 n
251 1204 420 1320 integris
475 1203 598 1287 etiam
653 1220 750 1286 tunc
799 1203 970 1287 redditis
1017 1205 1122 1289 baec

191 1357 220 1406 n
254 1323 467 1408 consulere
497 1320 692 1420 voluisse;
724 1344 767 1405 at
798 1323 909 1406 enim
928 1351 1002 1407 vos
1024 1353 1120 1408 cunr

192 1475 219 1526 n
251 1463 344 1558 post
357 1441 494 1527 classis
509 1441 914 1556 vestraeuurbisque
927 1443 1119 1528 incendia

193 1595 220 1644 n
254 1559 517 1674 supplicetis,
547 1589 632 1643 non
661 1559 854 1674 improbo
885 1561 953 1644 vel
980 1591 1119 1646 serum

193 1715 220 1764 n
254 1681 491 1798 poenitendi
509 1680 736 1763 eonsilium.
757 1679 962 1764 Sedenim
977 1681 1117 1795 utique

191 1833 219 1882 n
253 1829 325 1884 vos
356 1798 540 1914 exempla
569 1800 774 1883 ducebant
802 1800 973 1914 perinde
1003 1828 1118 1884 arma

189 1952 219 2004 n
252 1939 393 2004 nostra
433 1941 479 2002 ut
507 1917 638 2002 Xerxi
678 1917 838 2031 persica
866 1948 987 2033 posse
1016 1949 1116 2034 pro-

192 2071 222 2122 >›
250 2037 361 2152 pelli
391 2035 499 2122 Sat
486 2037 615 2154 igitur
642 2036 695 2120 sit
730 2039 831 2174 quid
860 2039 912 2120 de
940 2059 1116 2153 utroque

190 2191 218 2240 n
252 2158 459 2244 diversum
474 2155 659 2240 fortunae
676 2155 937 2240 senseritis».
958 2161 1117 2244 Etcum

190 2277 256 2363 bis
303 2277 422 2364 dictis
463 2275 663 2362 facessere
705 2275 893 2389 protinus
944 2277 1117 2378 militem

191 2427 311 2484 suum
341 2401 392 2481 ab
423 2393 722 2510 expugnatione
751 2396 868 2480 urbis
910 2396 1115 2483 Lacedae,

188 2515 323 2601 monis
365 2517 505 2615 iubet,
547 2513 804 2627 liberamque
824 2539 935 2599 ‘eam
980 2537 1020 2599 et
1061 2517 1115 2600 ad

188 2633 362 2721 formam
391 2635 588 2750 pristinae
617 2635 839 2720 maiestatis
859 2636 1021 2724 civibus
1042 2638 1115 2721 ha·

188 2755 278 2842 beri
306 2755 515 2869 permittit.

50 2909 97 2994 ‘st'
128 2906 173 2954 ιι·
246 2876 436 2959 XXVHI.
454 2877 570 2959 Tunc
590 2877 713 2960 rebus
725 2873 925 2958 Graeciae
937 2873 997 2959 sic
1017 2903 1120 2959 con-2

20 2999 49 3028 '²
72 2993 145 3028 ‘'¹¹⁸''
186 2993 347 3111 positis,
363 2993 424 3078 ire
445 2996 488 3079 in
508 2997 707 3080 barbaros
728 2994 859 3078 tendit
875 2993 1022 3079 itinere
1040 3024 1117 3107 per

189 3113 376 3200 Ciliciam
406 3115 604 3199 ordinato.
634 3117 688 3198 At
716 3142 817 3197 vero
840 3114 992 3202 Darius
1016 3141 1115 3198 con-

187 3236 319 3318 ductis
348 3236 394 3318 in
423 3260 552 3316 unum
581 3235 811 3347 satrapibus
841 3231 1043 3317 universis
1074 3254 1114 3316 et

225 3403 266 3470 (ι)
286 3397 422 3454 ruentem
438 3397 556 3469 quidem
573 3399 726 3452 victoriam
744 3399 798 3451 Ate
799 3397 902 3452 xandri
915 3398 951 3452 de
969 3395 1112 3453 Lacedae·

186 3475 311 3541 moniis,
330 3489 472 3529 nemum
489 3471 592 3529 snitu
607 3493 672 3532 voc.
689 3473 939 3566 ’Διίξαιδροςὴίι
953 3476 1066 3531 verbis:
1075 3481 1115 3538 ‘0

185 3553 274 3628 ρι’γας
293 3551 490 3652 ’Δλίξαιδιιος
517 3556 640 3626 νικήσας
670 3551 825 3631 ναυμαχία
851 3549 1114 3626 Λακεδαιμονίης,

207 3629 396 3706 cartainse
416 3635 468 3690 τόι
472 3629 845 3726 Πιιραιαιαιὲιατὸμβιν
868 3631 981 3700 θυσας,
997 3635 1114 3702 πάντας

185 3706 335 3768 ιῖστίασιι
352 3705 530 3778 Ἀθηναίους
578 3713 697 3786 Magnas
716 3707 874 3766 Αἱιιιαιδιι
887 3729 968 3786 quun
979 3712 1115 3766 Lacedae·

183 3786 287 3844 ιιιαίιι
311 3785 400 3843 mnata
406 3784 511 3879 proebe
530 3787 661 3854 cieuses,
679 3800 706 3842 ιι
716 3787 942 3845 strumam
961 3788 1111 3857 cinxisset,

184 3863 583 3942 uena-tunquaeumtmc,
593 3826 1111 3996 ιιιιιιλιιιιὶιιιιιιιοαιίιίιιίιφίι.
