3109 4934
385 535 448 613 tid
624 523 879 614 tustinum
903 532 1063 612 OBITVS

378 721 404 770 n
441 685 512 772 Sin
532 711 632 774 vero
650 685 767 774 venis
791 695 838 770 ¹ut
856 687 987 774 discas
1008 675 1158 800 quaen
1187 679 1313 772 nobis

378 837 406 890 n
439 809 594 892 scilicet
622 807 719 894 sciri
747 829 925 921 queant,
959 807 1071 892 nulla
1100 827 1164 891 est
1201 807 1311 890 iuvi-

379 958 407 1010 ι)
442 927 590 1014 dentiu.
607 927 768 1013 Etenim
790 929 1039 1012 arbitramur
1057 928 1168 1010 intet
1186 928 1310 1009 hasce

380 1079 408 1136 n
441 1047 629 1134 scientias
673 1063 833 1132 nostras
877 1072 1042 1132 cansam
1081 1041 1310 1130 discordiae

381 1201 408 1250 n
441 1166 633 1282 positom3
653 1197 747 1250 cnm
764 1166 841 1250 tibi
860 1166 991 1250 amica
1008 1194 1073 1250 res
1093 1165 1307 1280 proelium,

381 1314 409 1370 n
442 1286 562 1370 nobis
605 1316 706 1374 vero
748 1285 1010 1399 philosophia
1046 1303 1238 1369 noscamr
1267 1315 1306 1362 n.

383 1403 459 1490 His
488 1403 601 1490 lectis
615 1407 848 1490 Alexander
865 1402 1084 1519 pacificum
1097 1403 1176 1499 iter
1191 1430 1310 1518 agere

385 1522 590 1610 decrevit:
620 1523 814 1638 videtque
833 1522 1022 1610 homines
1059 1523 1217 1636 reliqna
1234 1551 1306 1609 nu-

385 1645 487 1743 dos,
517 1644 590 1730 sed
632 1642 783 1728 amictu
820 1643 996 1761 simplici
1032 1644 1305 1758 superiectos‚

386 1765 729 1877 deversantesque
758 1762 823 1848 his
853 1766 1024 1849 aedibus
1043 1790 1120 1848 seu
1150 1765 1187 1842 n)
1223 1791 1308 1876 spe·

386 1877 518 1970 luncis
548 1911 721 2018 quarum
752 1883 898 1969 relatio
916 1909 1040 1998 supra
1055 1904 1143 1988 est„
1160 1884 1308 1966 Eorum

306 2041 313 2056 ·
387 2001 462 2090 filii
505 2002 781 2118 coniugesque
821 2005 1043 2118 pascendis
1082 2002 1309 2120 pecudibus

387 2128 707 2236 occupabantur.

239 2291 335 2421 ιι..ι
303 2303 374 2336 .....
448 2243 597 2326 XVIII.
634 2243 746 2362 Ergo
787 2243 962 2330 insumit
1003 2245 1178 2328 Macedo
1220 2273 1313 2328 cum

201 2357 296 2486 2¹ng
304 2441 373 2488 m,
311 2359 503 2448 '¹¹hisce
548 2365 746 2450 hactenus
789 2364 904 2478 loqui
936 2383 1002 2464 ‹=‚›
1045 2393 1094 2448 ac
1135 2365 1314 2480 primum

204 2495 364 2555 mpnn...
390 2511 442 2566 an
471 2481 631 2598 uspiam
665 2483 789 2567 huius
819 2483 953 2600 gentis
968 2484 1206 2570 hominibus
1236 2484 1315 2568 sint

389 2601 638 2718 sepulchral
686 2603 750 2692 Ad
794 2605 898 2687 haec
939 2631 1181 2720 responsum
1230 2627 1314 2701 est,

389 2721 500 2806 idem
530 2721 609 2808 sibi
640 2722 893 2807 domicilium
922 2725 1152 2837 essequod
1180 2725 1316 2838 sepul-

390 2845 562 2944 chrum,
593 2871 725 2958 eoque
742 2837 999 2928 consuefieri
1026 2843 1092 2928 his
1131 2841 1318 2929 diuerso·

276 3061 282 3072 .
388 2959 484 3048 riis:
515 2963 588 3048 sed
618 2980 651 3036 ι’)
682 2963 781 3046 dum
811 2960 961 3047 cotidie
987 2964 1215 3062 dormiunt,
1244 2963 1317 3046 de-

388 3083 523 3166 sinant
552 3082 771 3197 aliquando
792 3083 986 3221 vigilare:
1012 3111 1143 3197 exque
1157 3111 1209 3166 eo
1236 3082 1318 3167 sibi

389 3233 478 3288 esse
509 3231 632 3287 unam
668 3206 836 3288 domum
879 3201 1037 3288 viventi
1082 3203 1237 3317 pariter
1276 3221 1318 3286 et

388 3344 561 3404 mortno.
593 3323 751 3409 Rursus
778 3324 939 3436 quaerit
961 3353 1013 3407 ex
1041 3323 1147 3424 alio,
1177 3345 1316 3406 utrum

421 3527 458 3578 (a)
475 3523 534 3568 cod.
559 3539 630 3572 tuus.
654 3523 688 3578 (l)
706 3509 814 3572 tn'eod
842 3523 889 3570 ud·

413 3671 469 3736 ·(t)
508 3667 591 3735 Quod
628 3669 739 3722 adtinet
767 3668 805 3722 ad
841 3669 1000 3727 Alexandri
1029 3673 1208 3746 colloquium
1249 3691 1316 3726 cum
1363 3692 1368 3705 ·

387 3743 614 3801 Brachmunibns
634 3745 733 3800 oculei·
754 3743 940 3802 Plutarchum
971 3767 1002 3821 p.
1020 3747 1125 3806 85-86.
1144 3747 1316 3804 Strabonem

389 3837 435 3874 xv.
456 3841 484 3892 p.
505 3833 570 3892 714.
590 3837 619 3878 et
639 3841 720 3892 seqq.
741 3823 898 3878 Attianum
926 3837 980 3884 711.
1013 3841 1071 3884 Μ.
1100 3826 1263 3884 Palladium
1280 3827 1318 3882 de

385 3899 601 3958 Broclnmnt'lus.
621 3899 763 3956 zonarum
783 3914 823 3956 tt.
846 3916 890 3973 ¹4·
