3109 4934
566 485 848 562 sustinuat.
1130 454 1176 580 'st
1259 453 1262 457 ’

254 639 420 710 llsncine
433 637 627 724 morbum,
645 643 800 711 maxime
818 665 941 740 regum
958 642 1181 729 Alexander,

253 731 470 826 Properabis
495 735 732 818 exscindere,
747 759 854 828 quam
878 733 949 804 tibi
972 737 1031 804 Dii

254 827 479 895 lmmortsles
503 830 693 920 prosapiae
719 846 802 897 tuae
825 829 1010 921 principes

252 919 546 1014 pepererunrw?
569 943 689 989 noune
711 939 747 990 te
773 920 873 990 subit
893 921 980 989 binc
1001 919 1170 991 Liberum

253 1011 409 1082 Ortum?
432 1013 525 1084 hanc
549 1013 716 1084 Herculis
732 1036 811 1082 esse
835 1011 1044 1083 nutricem?
1187 1022 1190 1028 '

252 1107 347 1174 Hinc
363 1108 425 1175 illa
451 1111 550 1204 orgia
583 1125 620 1175 et
649 1107 980 1200 praestantissimos

251 1201 409 1268 Deorum
435 1203 552 1270 cultus
577 1200 725 1269 diffusos
750 1223 831 1269 esse
855 1224 921 1294 per
944 1197 1143 1269 mundum?

134 1375 138 1380 ⁸
250 1293 343 1361 Boni
367 1294 480 1390 igitur
504 1295 699 1378 consules,
728 1314 768 1360 sc
791 1295 931 1364 facesse

250 1385 306 1456 Ab
332 1386 399 1456 hsc
424 1407 497 1457 tutu
521 1388 651 1458 sectile
679 1410 699 1456 a
723 1388 921 1456 voluntate.

251 1479 379 1574 Neque
404 1483 527 1561 enim,
553 1409 677 1574 siquid
698 1479 964 1576 inpatientibus

251 1574 308 1641 Ira
340 1571 429 1640 belli
455 1575 656 1659 mandavit,
681 1597 754 1642 nou
780 1598 863 1642 mox
886 1592 922 1644 te

251 1665 308 1734 Ad
331 1669 591 1758 poeniteutiam
616 1666 816 1756 [arbitror]
842 1689 1080 1739 reversurum.

160 1875 165 1886 ,
251 1787 442 1871 Addebat
471 1787 624 1872 edum:

251 1931 326 1998 Hos
351 1931 421 1999 tibi
445 1954 565 1998 muros
588 1929 679 1998 base
703 1931 848 2000 moenis
873 1933 979 2002 Zetus
1002 1939 1038 1992 (⁸)
1062 1933 1126 2002 ille

251 2023 318 2091 Vel
342 2023 512 2116 Anpbiou
537 2024 659 2117 stirpis
684 2041 767 2093 tuae
792 2049 876 2117 puts
900 2030 1054 2096 maxima
1076 2034 1139 2111 (²),

251 2119 424 2208 Apolline
448 2118 634 2210 Musisque
659 2117 1003 2188 adminiculantibus

250 2211 360 2280 Fecit.
385 2211 458 2280 Nec
485 2211 610 2294 sides,
636 2211 675 2278 iu
698 2235 773 2280 rens
799 2230 896 2281 tuam
921 2213 1046 2305 tuique

255 2303 410 2373 Generis
434 2305 587 2402 gloriam
612 2322 648 2372 te
673 2303 845 2373 saevire?
867 2304 966 2394 Quid
989 2305 1085 2399 quod
1109 2309 1144 2368 ‹s›

254 2395 353 2466 ldetn
377 2397 434 2466 illi
456 2399 517 2466 Dii
541 2395 734 2490 praestitos
759 2416 796 2466 et
818 2399 972 2466 maiores
997 2401 1051 2467 tui

251 2490 441 2560 Laetitiam
464 2491 539 2561 suis
564 2509 601 2560 et
624 2492 800 2560 ultionem
825 2515 869 2559 ex
892 2489 1084 2576 hostibus,

248 2584 379 2653 Pacem
403 2585 562 2680 denique
587 2607 669 2652 cum
694 2585 726 2650 (o
749 2585 886 2680 ignotis

249 2675 437 2748 Maiestate
472 2679 528 2748 sui
559 2694 595 2746 et
623 2677 821 2748 virtutibus
868 2676 1082 2770 epsrerunt?

248 2769 326 2839 Hoc
350 2771 447 2840 liber
471 2794 516 2840 ex
541 2771 670 2850 ludis,
695 2769 765 2840 hoe
790 2701 897 2840 nobis
922 2771 1094 2840 Hercules

248 2863 299 2931 Ex
330 2869 427 2934 omui
456 2882 635 2934 terrorum
660 2862 751 2932 orbe
775 2883 971 2955 procurat:
1069 2901 1073 2908 ·

249 2957 409 3044 Quorum
434 2976 469 3027 te
501 2960 596 3027 mulo
624 2956 844 3026 imitatorem
873 2958 993 3049 potius

246 3081 672 3101 h—-un—-n—-n
1113 3086 1178 3098 -ι

281 3141 316 3194 ‹a›
331 3138 398 3190 usa·
415 3127 471 3185 σοι’.
497 3139 572 3184 snus.
589 3133 680 3182 reum.
699 3136 732 3194 ‹t›
749 3136 811 3182 cos
828 3133 983 3198 φᾶμαι)
1001 3135 1061 3223 css.
1082 3145 1137 3180 ω..

169 3321 174 3333 ·
285 3307 329 3374 (ι)
346 3303 432 3375 Apud
451 3303 594 3360 lustinum
613 3317 656 3357 ιι.
675 3313 703 3373 4.
723 3301 836 3358 cleodas
849 3304 957 3378 priuata
984 3305 1062 3359 stium
1093 3324 1178 3380 regest

243 3381 436 3456 superstitious
470 3380 660 3456 deprecatur,
690 3381 780 3454 geniti
811 3378 885 3455 apud
924 3373 1177 3455 ipro'r'Herculr‘s,

245 3457 319 3512 uude
338 3460 467 3532 originem
483 3476 552 3532 grus
570 3456 744 3514 Aeacidarum
763 3459 861 3512 tradat.
895 3457 1091 3534 crisparent,
1110 3480 1180 3536 quoe

243 3538 357 3590 umores
375 3539 435 3592 eius
452 3533 527 3612 opud
544 3553 574 3590 se
590 3539 719 3608 genitos,
738 3539 816 3590 Deos
833 3533 936 3590 adoret.
1092 3590 1096 3598 ,

282 3613 324 3679 (a)
344 3611 419 3680 Quis
447 3625 570 3685 uterque
598 3611 675 3667 filius
708 3611 808 3675 lovis.
838 3629 933 3682 sqoo
962 3623 992 3664 et
1009 3610 1174 3668 Alexander

243 3704 330 3756 genus
351 3689 483 3746 trabsbst
502 3702 661 3744 maternum
690 3707 742 3760 per
762 3691 907 3758 Aeacum,
937 3703 1088 3760 paternum
1122 3709 1181 3762 per

241 3763 404 3824 Herculem·
1088 3843 1104 3893 f
