3109 4934
400 471 468 544 20⁶
652 463 912 564 ursinum
936 461 1095 538 onnus

396 647 424 700 a
458 617 701 718 salutamur,
730 634 854 729 atque
874 617 1094 702 odoramur
1112 643 1139 698 a
1161 617 1331 716 aaronis,

396 767 425 820 >a
459 759 500 824 et
528 735 707 851 publicis
748 735 950 822 conviviis
985 736 1254 834 adhibemur,
1284 759 1333 822 et

396 888 424 940 »
459 879 608 942 cuncta
638 885 743 969 quae
769 855 853 942 sint
871 855 991 940 nobis
1010 855 1065 938 ad
1082 856 1329 968 obsequium

395 1009 424 1060 >i
458 975 707 1064 deferuntur.
738 975 864 1080 Quod
892 974 930 1062 si
946 974 992 1060 in
1011 975 1121 1060 bello
1149 997 1329 1062 mortem

397 1129 425 1178 >›
459 1126 583 1210 quam
612 1097 699 1181 voti
728 1095 807 1180 erit
835 1095 986 1180 nobilis
1015 1093 1136 1210 virgo
1159 1117 1328 1182 strenue

398 1245 425 1296 a>
460 1235 643 1330 oppetat,
668 1235 710 1299 et
727 1211 861 1300 functi
881 1217 1059 1300 honores
1080 1215 1328 1300 adhibentur

397 1361 425 1416 a
459 1356 501 1420 et
534 1333 734 1420 adfinitati
763 1331 1005 1420 functorum
1032 1335 1174 1450 largae
1201 1365 1329 1448 pocu-

397 1483 426 1536 a
458 1455 552 1539 niae
595 1457 858 1566 honoresque
887 1475 1166 1540 numerantur.
1210 1456 1329 1540 Cete-

398 1602 426 1655 a
460 1604 554 1659 rum
583 1571 701 1658 nobis
732 1601 880 1656 aurum
908 1603 994 1659 non
1024 1595 1086 1660 est
1104 1603 1241 1686 neque
1259 1605 1328 1658 ar-

398 1721 426 1774 »
460 1717 655 1810 gentum,
684 1689 766 1776 nisi
795 1694 910 1806 quod
938 1693 993 1780 sit
1020 1693 1065 1776 in
1094 1692 1330 1809 insignibus

399 1839 427 1892 »
461 1813 713 1900 militaribus.

457 1933 644 2017 Lxxni
674 1963 701 2013 »
733 1933 850 2018 Haec
878 1933 949 2018 illa
982 1932 1153 2019 suntin
1177 1933 1327 2048 quihus

397 2077 425 2132 >›
458 2051 740 2166 inpenduntur
768 2075 911 2137 nostra
952 2052 1194 2138 discrimina
1222 2074 1263 2138 et
1280 2055 1329 2138 in

397 2199 425 2252 a>
458 2201 563 2284 qtrae
596 2171 733 2256 omnis
753 2165 1069 2287 periclitandum
1087 2196 1174 2273 est,
1203 2203 1327 2286 quao-

396 2321 426 2373 >›
460 2321 637 2405 cumque
667 2293 898 2378 Amazonas
930 2291 1038 2377 bella
1074 2294 1323 2409 deposcent:

397 2441 426 2492 ›>
459 2411 574 2496 cuius
605 2433 799 2496 eventum
827 2411 1042 2498 nonsatis
1081 2413 1327 2499 arbitramur

159 2533 164 2547 '
301 2539 304 2544 ’
396 2561 424 2614 a
457 2531 620 2644 utrique
651 2533 703 2616 de
732 2534 836 2645 pari
880 2533 1047 2646 Quippe
1087 2532 1162 2616 ubi
1204 2535 1328 2618 Ama·

397 2681 425 2732 >a
456 2651 632 2736 aonibus
663 2677 806 2735 auctor
824 2675 861 2730 (ο)
880 2653 1042 2765 generis
1061 2653 1195 2738 nostri
1212 2653 1327 2736 Mars

396 2799 424 2852 a
456 2765 763 2870 faveriamares
776 2769 970 2859 niominis
986 2770 1327 2884 casciuwictique

395 2917 425 2971 >i
456 2890 611 2976 maiore
626 2919 721 2975 cum
742 2894 943 2978 dedecore
963 2912 1159 3007 oppetent
1177 2893 1244 2982 vel
1262 2892 1325 2974 di·

396 3039 425 3091 »
457 3011 655 3095 labentur.
686 3011 770 3098 Ubi
799 3040 1016 3098 varocum
1033 3013 1221 3098 maribus
1241 3031 1323 3098 ste-

397 3158 425 3208 »
458 3131 553 3214 terit
582 3129 681 3217 belli
711 3127 894 3232 fortuna,
923 3134 1128 3247 pudenda·
1145 3161 1213 3216 res
1245 3151 1326 3230 est,

399 3249 595 3362 »siquid
638 3251 708 3336 hic
751 3283 872 3338 sexus
917 3251 1121 3368 superatis
1161 3249 1327 3336 feminis

397 3397 426 3447 >2
460 3367 669 3480 glorietur.
706 3370 824 3456 Haeo
853 3376 932 3456 tlbl
962 3393 1106 3486 agitur,
1134 3401 1227 3470 rex,
1257 3398 1328 3452 re-

398 3515 428 3568 »
458 3515 609 3598 sponsa
652 3490 703 3572 de
744 3491 865 3574 nobis
896 3511 1028 3591 sunt,
1074 3519 1249 3606 quarum
1290 3489 1328 3574 si

432 3689 467 3741 (a)
483 3685 540 3732 cod
559 3695 631 3732 neor.
641 3686 675 3744 (ὃ)
690 3687 727 3732 {aa
743 3688 799 3732 aad.
815 3689 860 3737 Die
877 3691 1273 3756 auneqei,niaiioaaaem1
1289 3702 1328 3740 aaa

397 3753 452 3800 brie
469 3769 516 3816 pro
532 3754 612 3824 §Wlff-
