3109 4934
580 477 842 574 mortuom
1137 482 1182 555 as

248 629 361 713 ilion
390 619 539 740 petisse
558 648 593 701 ‹⁸›
618 627 815 713 divinitus
844 655 921 742 pro
950 625 1176 730 concione,

243 752 278 831 si
306 744 388 831 sibi
417 746 499 830 iam
527 745 610 830 fato
639 778 722 832 non
752 747 899 846 liceat,
926 746 1062 832 Persis
1082 747 1177 832 Ale-

244 870 448 951 xandrum
466 864 680 979 imperare.
706 871 813 950 Tum
833 868 971 950 locum
990 865 1121 982 diligit
1140 883 1176 951 o)

238 986 453 1069 tendendo
478 987 544 1068 ubl
568 985 698 1072 hostis
727 986 977 1072 visabundus
998 1006 1094 1069 erat.
1125 987 1176 1072 Id

244 1135 397 1218 aequor
427 1101 664 1190 inoffensius
699 1103 945 1219 equitabile,
980 1125 1022 1188 et
1048 1104 1175 1190 Issico

242 1225 351 1308 bello
372 1247 405 1300 ‹e›
425 1224 606 1308 conditio
627 1223 804 1309 diversa:
829 1244 875 1307 ut
891 1241 926 1298 (ἢ
948 1226 1059 1340 quod
1087 1223 1174 1308 illic

243 1343 369 1450 animi
399 1343 548 1430 virtute
568 1344 779 1456 provisum
811 1363 894 1444 est,
923 1373 1071 1460 magna
1100 1343 1173 1430 ltic

242 1463 427 1578 corporis
457 1491 598 1548 rursus
628 1461 866 1548 fortitudine
894 1485 1065 1578 peteret

44 1685 51 1694 Ι
83 1617 227 1668 nuum·
302 1585 445 1668 LVIIL
475 1583 608 1697 Igitur
644 1582 757 1666 omni
807 1581 1026 1697 quatriduo
1070 1580 1172 1669 viri·

29 1694 154 1804 Ἐξ,
168 1691 228 1738 ¹¹⁹¹
244 1705 322 1788 bus
351 1733 518 1788 snorum
548 1700 729 1804 refectis,
750 1702 1046 1818 exploratoque
1064 1704 1173 1790 belli

18 1843 21 1848 “
244 1823 369 1923 loco,
400 1825 535 1936 nequa
576 1825 797 1908 Persarum
838 1819 1040 1922 insidiae,
1086 1813 1173 1906 sal·

246 1940 349 2028 cinis
378 1941 611 2027 Alexander
635 1944 856 2058 relegatis,
891 1940 1077 2026 oratione
1105 1939 1171 2024 in-

244 2061 342 2148 citat
371 2091 495 2148 suos:
525 2061 663 2174 itaque
698 2059 892 2179 provehit
931 2060 1064 2146 aciem
1114 2060 1170 2146 si·

241 2181 369 2265 lentio
399 2181 625 2296 imperato,
650 2202 696 2265 ut
726 2209 877 2297 repens
894 2175 1032 2295 fragor
1050 2177 1171 2268 fieret

243 2297 477 2386 terribilior.
507 2303 562 2384 At
592 2302 702 2386 enim
733 2331 783 2386 ea
812 2297 926 2384 omni
953 2299 1024 2382 die
1059 2320 1170 2386 uter-

245 2451 324 2532 que
343 2420 495 2537 trepidi
520 2441 561 2505 et
582 2420 995 2538 circumspectantes,
1023 2417 1169 2508 itidem

241 2561 287 2622 ut
317 2541 608 2642 constiterant,
638 2540 682 2624 in
701 2543 790 2627 acie
810 2538 1018 2655 quievere.
1038 2542 1169 2626 Uten-

241 2659 422 2775 dumque
451 2659 583 2746 noctis
610 2660 751 2746 adiutu
771 2659 1037 2748 Parmenioni
1067 2689 1168 2744 con·

240 2777 375 2865 silium
405 2803 522 2866 erat:
553 2781 665 2898 quod
700 2779 931 2866 Alexander
960 2777 1117 2866 dissicit
1135 2794 1169 2859 (ο)

239 2900 376 3014 specie
433 2899 631 2998 victoriae
694 2899 963 3001 indecentia,
1023 2899 1168 2982 reabse

240 3021 339 3133 quia
390 3021 522 3106 noctis
572 3017 762 3105 fortunae
814 3015 1050 3118 confidere,
1093 3015 1170 3100 ubi

240 3139 344 3224 nihil
386 3140 567 3225 cautioni
610 3139 741 3241 licet,
787 3161 829 3224 et
868 3133 1169 3253 imprudentiae
1270 3219 1274 3224 ,

240 3281 302 3344 est
356 3280 398 3343 et
438 3257 712 3360 inscientiae,
758 3255 954 3374 quoniam
994 3253 1166 3344 consilia

238 3379 387 3466 bellica
440 3379 563 3493 longe
614 3378 739 3465 tutius
788 3376 900 3465 oculi
952 3397 1166 3464 metantur.

272 3641 309 3701 (ι)
335 3643 393 3688 cod
420 3651 535 3700 compte
559 3643 610 3688 alez
637 3639 719 3690 nulllus
745 3645 828 3709 atqu
852 3646 902 3692 rim
924 3623 982 3706 ᾗ
1005 3603 1187 3705 οῐσῑιῑμίιέσσ-ι

239 3708 318 3765 wltt
328 3709 382 3756 ond.
391 3725 436 3770 pro
446 3709 531 3771 delige.
549 3709 582 3774 (ι)
591 3711 651 3760 cod.
660 3709 743 3760 lellus.
761 3712 867 3772 (Md.
881 3723 931 3761 ut·
946 3719 979 3773 (e)
995 3711 1033 3756 lte
1048 3708 1168 3758 ⁴20&de

238 3787 265 3824 et
281 3777 338 3826 nist
354 3791 401 3840 pro
418 3777 517 3836 dirir’rit.¹
