3109 4934
262 575 265 580 .
394 515 436 580 58
647 511 902 584 maxiltam
926 513 1068 586 ortvs

391 694 418 743 n
454 677 495 745 et
538 659 647 744 inter
689 687 760 744 eos
799 659 960 747 abiecto
991 658 1156 748 cuidam
1185 663 1250 748 ac'
1265 665 1324 750 la·

394 816 421 866 n
453 777 565 865 troni
594 780 830 864 Alexandro
859 781 1118 868 serviturum.
1154 783 1325 900 Quippe

393 935 422 986 n
451 901 529 986 ista
557 899 867 1016 magnificentia
896 895 1112 987 nominum
1152 903 1229 988 ubi
1258 935 1323 988 ee·

392 1055 419 1108 u
453 1021 534 1106 mel
564 1021 744 1135 cuipiam
786 1021 840 1106 sit
879 1051 1103 1136 persuasa,
1146 1053 1324 1139 corpora

396 1177 423 1224 >i
454 1141 714 1228 membratim
757 1142 826 1226 vel
854 1142 1022 1258 spiritus
1053 1143 1272 1260 eriguntur
1287 1167 1326 1220 ‹⁴›

395 1293 423 1344 n
453 1261 774 1378 inprudentium.
792 1262 949 1377 Magno
972 1263 1115 1347 dolore
1135 1263 1214 1347 tibi
1233 1261 1324 1350 fore

394 1416 422 1466 u
450 1382 528 1466 ieta
543 1410 648 1496 quae
662 1382 982 1498 pronuntiantur
1001 1383 1211 1500 intelligo,
1226 1383 1324 1468 acsi

392 1535 421 1586 »
451 1533 630 1618 superna
675 1501 869 1587 caelitum
910 1503 973 1589 vie
1006 1503 1237 1615 [adversus
1266 1506 1324 1614 ω]

391 1657 419 1706 n
453 1623 693 1710 abusionem
742 1622 980 1709 huiusmodi
1027 1623 1072 1708 in
1124 1623 1324 1708 ultionem

391 1775 419 1828 u
453 1742 724 1829 contumeliae
776 1771 875 1830 eune
922 1742 1043 1830 facile
1093 1766 1324 1859 consurgat.

393 1865 652 1976 »Equidem
707 1891 831 1978 spero
878 1864 1020 1980 priora
1074 1894 1164 1950 esee
1216 1895 1325 1978 quae

395 2017 422 2065 >i
452 1983 637 2098 spondeo
651 2013 775 2100 quam
791 2013 899 2099 quae
917 2006 964 2069 tu
982 1984 1163 2070 minaris.
1183 1985 1325 2090 Quare

396 2137 423 2185 n
454 2105 582 2189 adero
612 2124 659 2188 ut
691 2105 875 2192 mortalis
895 2107 1128 2192 ’mortalem
1160 2103 1324 2190 violen-

393 2257 421 2306 n
453 2223 552 2310 tiam
566 2247 836 2340 experturus:
857 2223 1221 2340 inclinationisque
1236 2226 1324 2311 eius

393 2377 422 2428 n
451 2373 500 2430 ac
530 2368 708 2459 potestne
739 2367 802 2432 eet
828 2377 957 2462 penes
988 2348 1178 2460 Superos

452 2465 669 2548 XLVII.»
691 2467 802 2550 Nam
830 2467 933 2552 illud
952 2497 1107 2580 quaeso
1126 2486 1185 2569 te,
1204 2496 1327 2579 quor·

393 2619 420 2669 n
453 2613 546 2670 sum
586 2607 799 2700 tantopere
829 2608 1071 2702 congestum
1114 2609 1206 2688 est,
1235 2587 1328 2671 auri

395 2739 422 2788 »
453 2731 494 2790 te
531 2725 572 2790 et
614 2707 777 2823 argenti
816 2707 967 2825 opibus
1007 2707 1224 2794 aestuare?
1260 2709 1327 2792 An

395 2859 423 2908 n
453 2825 576 2912 uthis
593 2825 796 2944 cognitis,
825 2827 1014 2914 simodo
1045 2857 1191 2914 eorum
1209 2856 1328 2910 amor

428 3053 463 3104 (ι)
493 3049 553 3096 cod.
580 3050 680 3110 erigut.

396 3211 496 3253 nonu.
529 3199 560 3254 iu
580 3198 702 3252 mieeell.
721 3215 750 3267 p.
776 3200 862 3268 127.)
895 3211 927 3251 ur
956 3196 1201 3271 epmmaelrienam
1228 3213 1328 3250 rorem

397 3273 531 3330 homullus
550 3275 687 3345 exempli·
710 3272 882 3340 confirmet.
903 3279 964 3330 ait:
984 3278 1110 3352 Aesopus
1128 3274 1331 3350 manuscriptus

396 3351 518 3408 ineditus
537 3355 567 3406 in
587 3355 642 3408 vita
661 3350 812 3408 Alexandri
831 3355 920 3426 magni
943 3373 960 3401 e
989 3351 1043 3408 aab
1074 3352 1180 3408 ditione
1212 3367 1331 3406 coarm-

396 3451 412 3476 »ι
430 3425 590 3503 pabillum,
609 3443 642 3484 ut
661 3443 740 3484 retur
756 3467 764 3496 ,
783 3429 960 3487 Mullorum
992 3429 1170 3486 deventurum
1187 3451 1216 3479 ι.
1259 3427 1331 3482 Erat

395 3517 494 3558 autern
521 3522 538 3557 a
568 3501 667 3560 Iureto
698 3507 832 3561 citanda·
862 3525 920 3560 non
949 3506 1079 3580 Aeropa·
1109 3505 1160 3561 ted
1185 3501 1329 3558 ·1·vne-

396 3581 480 3648 rint,
510 3581 647 3651 quoniam
677 3600 734 3636 nou
763 3582 862 3654 graeei
880 3586 1055 3655 exemplari·
1085 3583 1264 3641 redierim
1284 3581 1331 3635 in·

397 3657 613 3728 terpretetionit
634 3659 724 3712 verba
743 3659 892 3714 laudabat.

435 3739 476 3804 (ι)
498 3729 588 3790 ὓοοίι
609 3735 726 3790 includo
747 3753 833 3792 vocer
852 3753 929 3810 qnae
947 3735 1020 3793 milri
1038 3738 1184 3795 interdum
1216 3727 1330 3790 adelen-

395 3810 450 3868 dae
472 3813 561 3868 textui
582 3812 662 3868 ritae
684 3827 760 3869 tunt.
