3109 4934
387 391 426 460 ia
694 384 990 460 lTlNERARlllM

384 531 549 650 subegit
578 535 629 616 ab
661 533 818 618 Orbelo
847 553 988 620 monte
1023 533 1097 648 qui
1125 534 1314 620 imminet

383 653 584 768 Philippis
605 669 641 734 (υ
664 655 756 738 urbi
790 655 1023 769 philippese
1051 672 1117 755 (o,
1148 655 1311 740 Haemo

383 775 600 860 continuus
632 777 684 858 ad
712 773 807 858 Istri
837 775 955 860 ostia:
981 775 1174 888 eximque
1194 805 1310 876 cum,

384 893 489 978 muri
519 895 662 978 dextro
691 923 849 1008 perque
880 895 1086 997 Euxinum
1114 893 1312 993 militans,
1344 914 1356 934 ⁰

384 1015 539 1126 Maeoti
569 1015 825 1114 transmissa,
841 1013 924 1098 iam
942 1043 1129 1099 remeans
1148 1013 1313 1099 Gothos

384 1131 583 1232 irruisset,
611 1165 681 1218 eos
698 1163 865 1248 quoque
895 1155 1064 1248 superat
1082 1135 1212 1234 bello,
1244 1134 1313 1218 die

387 1255 530 1336 eadem
561 1281 771 1366 regressus
791 1255 844 1338 ad
862 1283 981 1339 suos:
1011 1275 1100 1338 tum
1118 1255 1261 1338 Dahas
1275 1267 1315 1331 (¹)

384 1374 635 1484 Moesosque
650 1373 1157 1488 etlllyriosDalmstasque
1172 1401 1315 1458 omnes

386 1490 502 1576 iustis
532 1493 697 1606 proeliis
731 1520 898 1608 superat
927 1491 1246 1608 componitque,
1276 1512 1318 1575 et

387 1613 550 1695 Thebas
580 1613 764 1698 boeotius
795 1614 923 1700 diruit
950 1613 1226 1698 tumultuatas.
1285 1631 1295 1650 ⁰

320 1791 372 1836 ·„
446 1733 576 1817 XVIL
607 1733 749 1846 ltaque
791 1735 870 1818 iter
899 1735 944 1818 in
992 1733 1132 1818 Asiam
1177 1733 1316 1846 auspi·

390 1854 501 1936 cauti
529 1851 740 1942 nuntiauit
757 1855 949 1970 Orpheos
968 1853 1114 1938 musici
1141 1873 1316 1937 statuam

385 1970 609 2084 plurimum
639 1975 873 2068 sudavisse:
902 1974 1028 2089 idque
1043 1973 1198 2056 laboris
1227 1969 1317 2056 fore

386 2091 563 2205 ingentis
591 2093 793 2180 indicium
810 2113 846 2177 o)
865 2095 1051 2180 litteratis
1067 2091 1210 2176 leudes
1229 2090 1317 2176 eius

388 2210 647 2298 cantantibus
673 2215 863 2299 dictum.
920 2215 1015 2318 Quo
1052 2214 1185 2328 magis
1224 2233 1321 2295 ortu

385 2331 498 2414 veris
521 2333 834 2446 Hellespontum
863 2332 1167 2451 proficiscitur,
1206 2359 1321 2415 man·

387 2450 484 2532 datis
501 2451 665 2564 imperii
678 2455 937 2540 Macedonici
951 2476 1038 2538 tum
1049 2450 1323 2568 Peloponnesi

378 2569 605 2684 Antipatro
634 2574 927 2686 procuratione
951 2579 1029 2660 sub
1053 2574 1118 2660 sui
1136 2572 1319 2656 nomine:

202 2699 371 2818 ,Ἠῶ
385 2717 464 2774 nec
477 2692 568 2805 plus
582 2720 750 2804 suorum
764 2720 889 2807 quam
900 2695 1084 2810 peditum
1100 2691 1319 2806 uuusqui-

252 2821 255 2830 ’
386 2829 556 2924 tumque
570 2814 1020 2900 comitatus·v·milibus
1031 2810 1320 2930 proficiscitur.

422 3019 456 3072 (s)
473 3015 532 3060 ceu
551 3015 606 3062 sris
616 3014 740 3077 philippae.
756 3013 792 3071 (l)
809 3017 867 3061 Ced-
879 3016 955 3062 s'ssdt'ts's
971 3026 1012 3063 ses
1027 3015 1120 3063 inclitis.

426 3152 469 3216 (s)
496 3146 640 3204 Arrianus
673 3164 791 3218 quoque
809 3145 836 3201 1.
871 3161 896 3200 s.
923 3145 1010 3200 habes
1029 3139 1194 3213 Οιλῦηως
1212 3141 1324 3204 πόλιν,

390 3241 476 3295 qussn
507 3223 658 3278 lectionem
678 3225 818 3280 adversus
838 3240 911 3288 eos,
942 3221 995 3294 qui
1016 3227 1202 3277 scribendam
1223 3238 1324 3274 cense-

391 3302 462 3356 bant
481 3298 738 3369 samonem
757 3316 838 3356 recte
858 3301 900 3356 ibi
914 3315 1009 3356 tuetur
1029 3299 1192 3356 Gronovius
1204 3312 1322 3356 esuuuc

390 3377 543 3434 confirmes
561 3387 670 3434 Auctor
691 3379 852 3437 ltinersrii.

427 3457 471 3522 (a)
499 3452 545 3509 Its
572 3456 636 3511 cod.
656 3457 714 3511 nisi
733 3458 823 3512 meris
844 3455 977 3512 scribere
1001 3459 1111 3514 Datos:
1140 3471 1206 3508 nam
1226 3451 1322 3508 Dsisse

392 3532 558 3602 longissime
578 3535 699 3588 abersee
719 3533 749 3589 in
769 3535 848 3589 Asis.

433 3605 476 3677 (3)
496 3609 639 3664 Consonat
658 3611 719 3666 fere
739 3609 885 3668 Diodorus
904 3623 979 3666 xvir.
1001 3624 1047 3682 17.
1067 3606 1119 3680 qui
1138 3606 1181 3661 sit
1199 3607 1323 3661 Alexan-

391 3685 477 3742 drum
499 3700 576 3742 trans
597 3687 814 3758 Hellespontum
835 3689 935 3746 tulisse
949 3687 1121 3746 Macedonas
1139 3684 1250 3756 pedites
1266 3700 1323 3738 nou

390 3766 456 3838 plus
478 3764 631 3824 duodecim
650 3766 740 3821 mille.
