3109 4934
427 312 433 351 l

437 484 481 531 20
746 460 1039 533 lTlNERARlVM

432 636 641 701 venenum
659 607 829 691 noxium
850 608 1022 708 dicens,
1051 606 1198 693 litteris
1218 610 1359 724 regem

431 730 493 811 uti
507 729 664 811 letalia
684 726 944 841 prohibebat.
967 732 1081 835 Quas
1101 727 1173 811 ulii
1187 718 1388 814 Alexan·'

430 850 506 931 der
547 850 769 933 hausturus
816 849 1052 933 excucurrit
1070 866 1130 947 w,
1176 852 1359 934 chartam

428 969 591 1053 medico
621 970 841 1083 legendam
873 970 1005 1067 dans,
1035 966 1173 1053 ilico'
1159 998 1254 1081 ipse
1284 1000 1358 1083 po-

246 1194 252 1206 ,
430 1090 569 1172 culum
598 1088 797 1201 stringit,
840 1116 1003 1201 unaque
1043 1088 1192 1175 vitium
1222 1087 1357 1171 morbi

375 1311 380 1323 .
428 1228 472 1291 et
507 1207 736 1291 calumniae
772 1207 918 1291 diluit:
964 1208 1336 1321 docuitque‚ami
1258 1234 1358 1291 ami·

429 1326 547 1411 citias
577 1329 772 1440 probatas
804 1326 1028 1459 secundam
1057 1356 1141 1413 non
1170 1327 1355 1441 recipere

431 1446 782 1531 deliberationem.

277 1612 348 1659 (ι...
350 1615 412 1659 ..,(
487 1566 640 1649 XXXI
663 1568 762 1651 Post
779 1568 824 1651 id
844 1596 1017 1683 magnae
1041 1596 1164 1653 curae
1185 1568 1355 1651 Alexan-

241 1680 412 1795 1}me
427 1688 503 1770 dro
534 1684 612 1769 fuit
631 1687 821 1782 Ciliciam
841 1718 1006 1801 quoque
1033 1688 1145 1772 omni
1175 1687 1353 1771 hostimn

425 1805 690 1918 interpellata
739 1834 933 1931 purgare.
986 1810 1172 1923 Iamque
1187 1792 1354 1889 Mallon

423 1931 573 2009 urbem
595 1919 812 2038 appulerat
821 1927 992 2011 c1hc1ae
1012 1959 1097 2012 non
1109 1927 1353 2041 ignobilem,

295 2052 300 2066 '
426 2074 521 2128 cum
551 2046 768 2130 Darius
732 2078 772 2130 ei
809 2048 1072 2131 adnuntiatur
1116 2046 1230 2131 omni
1261 2074 1353 2129 cum

425 2166 537 2248 belli
569 2188 772 2279 apparatu
819 2170 965 2251 abesse
1002 2168 1119 2251 bidui
1160 2166 1272 2251 viam
1307 2186 1350 2245 (ι.

425 2282 544 2403 Quae
572 2314 642 2369 res
665 2286 949 2371 Macedonas
937 2287 1086 2373 ninere
1105 2312 1351 2401 praeversos

423 2423 582 2487 tantum
629 2404 674 2487 in
720 2406 820 2489 belli
873 2407 1063 2491 ardorem
1109 2433 1182 2518 spe
1234 2433 1352 2517 prae-

423 2544 611 2636 sumptae
641 2525 853 2608 victoriae
869 2528 1005 2624 levat,
1035 2547 1082 2610 ut
1100 2527 1193 2639 ipso
1225 2524 1350 2609 biduo

420 2662 693 2756 gravarentur
720 2672 839 2728 mora
870 2666 912 2728 et
944 2646 1091 2731 taedio.

484 2761 657 2850 XXXII
689 2764 822 2847 Issum
844 2764 1021 2878 denique
1044 2788 1219 2877 uterque
1252 2792 1351 2847 con·

236 2861 330 2909 ”””
234 2796 405 2977 .,,.,(’(”,(’Ξ
421 2904 619 2982 currunt,
663 2883 879 2995 aciemque
919 2884 1102 2997 angustis
1136 2884 1220 2968 loci
1261 2882 1350 2966 fau·
1412 2896 1418 2907 '

233 3010 314 3046 ·····
337 3002 404 3047 ······
421 3002 540 3085 cibus
571 3022 746 3086 struunt
791 3004 926 3114 Atque
957 3005 1027 3088 hic
1056 3034 1157 3088 sane
1195 3031 1348 3117 operae

416 3123 597 3234 pretium
621 3124 748 3221 foret,
783 3123 820 3205 si
852 3126 1201 3236 modo-suscepta
1221 3151 1349 3235 opera

417 3241 845 3353 pateretur,'referre
875 3244 920 3325 in
950 3242 1103 3327 milites
1139 3242 1347 3354 utrimque

417 3362 572 3470 regalia
612 3360 909 3447 incitamenta:
953 3384 998 3445 ut
1041 3364 1140 3448 hinc
1172 3361 1348 3445 Graecis

417 3477 583 3562 ultionis
637 3483 862 3566 necessitas
912 3482 1025 3566 dicta
1087 3484 1141 3569 sit
1193 3504 1236 3566 et
1284 3480 1347 3566 sui

234 3068 302 3114 lul&

452 3762 485 3816 (a)
495 3762 557 3808 cod.
573 3760 658 3810 loculo.
675 3761 710 3828 (l)
720 3763 755 3809 lt·
771 3764 826 3809 eorl.
846 3768 878 3825 (ι)
895 3766 956 3811 eod.
975 3766 1019 3814 sie.
