3109 4934
388 541 429 593 ιν
727 515 956 606 ,ΕῠῙΤΟΒῙδ
1002 576 1007 585 .

389 661 534 760 proelio
568 659 772 772 profligavit
806 679 844 731 et
877 661 996 754 cepit:
1031 671 1140 754 atque
1169 661 1318 732 omniuo

390 759 546 852 ubique,
564 775 864 851 quotieaeumque
879 754 925 822 ad
940 775 1065 823 manua
1081 769 1227 824 ventum
1243 772 1320 833 eat,

388 852 555 946 anperior
579 849 754 920 diaeearit.
774 850 848 916 lam
871 846 963 916 illud
988 849 1071 940 quia
1095 847 1181 916 eatia
1204 852 1318 920 mire·
1419 853 1422 862 '

387 964 467 1025 tnr,
493 943 589 1037 quod
617 941 664 1012 ob
692 941 928 1034 cupiditatem
949 940 1087 1036 gloriae
1104 942 1318 1010 immeuaant

307 1113 314 1134 ι
344 1083 348 1090 ·
387 1035 636 1131 infinitamque
671 1038 787 1129 ipram
817 1035 944 1101 oceani
968 1037 1172 1104 tantitatem
1202 1034 1316 1103 clauae

388 1129 566 1211 tentavit,
591 1130 785 1221 miaaiaque
801 1125 992 1196 navarchia
1007 1128 1231 1224 incognitum
1253 1150 1318 1195 au·
1365 1127 1370 1134 ’

388 1243 447 1292 tea
464 1223 617 1292 ¹curatam
642 1223 766 1316 peragi
791 1221 907 1290 ioaait.
933 1219 1090 1288 Tandem
1115 1243 1163 1288 ex
1187 1219 1318 1288 ultima

386 1317 489 1386 India
511 1314 733 1406 Babylonem
757 1313 890 1393 redux,
914 1314 1061 1382 comitia
1075 1314 1235 1385 uniretur
1257 1335 1318 1381 or·

385 1408 445 1478 bia
457 1407 594 1483 ibidem
610 1407 831 1487 celebravit,
855 1423 1139 1499 cunctarumque
1154 1408 1318 1500 gentium

388 1499 634 1596 legationibus
651 1500 818 1572 adoratur
835 1516 901 1568 ert.
926 1500 1153 1591 Quamquam
1178 1498 1238 1566 hie
1253 1496 1318 1568 de·

387 1617 485 1664 taum
512 1593 632 1666 omnia
658 1617 703 1664 ex
726 1593 864 1662 laetitia
880 1609 918 1662 et
932 1590 1115 1686 triumpho
1139 1590 1184 1660 ad
1210 1593 1320 1661 miae·

387 1689 481 1756 riam
521 1705 559 1756 et
590 1688 699 1756 fontia
738 1685 958 1756 reciderunt.
1006 1686 1095 1756 Nam
1146 1685 1208 1753 illa
1250 1687 1319 1752 im-

387 1775 608 1854 mortalitate
646 1779 756 1876 digua
779 1780 968 1860 maieataa,
1009 1778 1073 1847 illa
1105 1779 1320 1849 virulentia

387 1869 1321 2054 llllffl'q‘llllllltllllzlll:llll-‘lli

389 2076 607 2130 uecearrtate
625 2077 911 2154 superarentur,
932 2042 1241 2128 domandiaetiam
1259 1988 1323 2124 ol-

391 2153 545 2259 eideutia
574 2151 784 2247 regioniboa
815 2173 883 2235 nee
910 2151 1079 2220 voluntte
1116 2149 1322 2260 Alexandro

387 2243 1323 2434 lttllt‘ltt‘ttsszblll5⁶32;:?„?:f‡:t:2‡

391 2431 538 2524 arripuit
572 2431 785 2502 Plutarchus
808 2440 866 2513 (υ,
905 2454 971 2500 eeu
1006 2431 1111 2501 atella
1144 2429 1322 2524 quaedam

389 2521 594 2592 Alexander
618 2524 664 2593 ab
699 2526 842 2596 oriente
865 2523 906 2593 in
933 2546 1099 2598 occatum
1137 2523 1320 2603 trauailie·

387 2616 471 2698 bat,
495 2638 747 2712 armorumque
772 2637 920 2698 auorum
935 2617 1111 2713 fulgorem
1128 2619 1167 2686 iu
1182 2619 1322 2691 ltaliam

388 2711 504 2802 ipram
537 2709 757 2803 Romamque
781 2710 949 2780 iaciebat.
983 2716 1100 2804 Atque
1125 2711 1320 2803 equidem,

387 2802 1320 2972 lllllt‘ll‘tf’rllmttllllllllllll’

388 2987 506 3060 tendit
527 2991 666 3060 vietum
690 2947 738 3058 ili
764 3013 838 3059 uon
861 2989 992 3062 videri.
1031 2993 1104 3080 Qui
1127 2970 1224 3060 enim
1246 2992 1321 3062 iatu

387 3101 507 3156 aetate
518 3102 555 3152 et
569 3083 709 3154 viribus
721 3081 1007 3155 confirmatiorea
1016 3081 1143 3176 Pyrrhi
1157 3087 1322 3176 epirotae

388 3175 559 3245 tenuibus
585 3179 701 3269 copiia
727 3199 836 3274 aegre
860 3175 1052 3248 admodum
1082 3180 1320 3260 reatiterunt‚

332 3317 335 3322 ,
389 3287 464 3359 quo
488 3289 595 3361 pacto
618 3273 795 3340 victorem
825 3271 927 3340 orbiu
956 3271 1118 3340 uuirerai
1142 3271 1321 3340 auatiuere

389 3359 618 3452 potuisaent?
655 3363 813 3454 Pyrrhuo
849 3366 967 3455 primo
991 3363 1163 3444 conflictu
1187 3382 1324 3433 tantam

392 3469 546 3548 stragem
576 3454 691 3524 edidit
721 3456 987 3542 Romanorum,
1026 3475 1066 3527 ut
1093 3479 1178 3525 mox
1207 3479 1323 3550 usque

329 3689 333 3708 ,
431 3641 473 3706 (1)
493 3637 612 3692 Curtio·
633 3653 661 3692 x.
687 3655 712 3694 t.

394 3765 399 3777 ,
430 3719 472 3784 (a)
492 3719 537 3770 De
552 3715 660 3788 [ortua.
684 3723 824 3778 maeror.
844 3717 900 3776 tub
918 3717 1014 3778 finem.

431 3789 473 3864 (3)
491 3791 556 3848 Lib.
576 3807 619 3850 rx.
641 3791 741 3870 16-19.
875 3864 881 3874 ⁶
