3109 4934
396 504 442 592 2'4
666 455 671 470 “
719 497 1013 570 muunuuvu

396 635 572 734 iussisse.
618 643 716 730 Ubi'
739 645 928 748 additur,
962 637 1330 757 Hephaestionis»

400 795 483 854 una
508 795 603 850 cum
629 765 829 852 vidissent
852 764 1110 849 indiscretius
1129 766 1259 865 cultu,
1279 768 1331 850 de

375 907 522 986 ,auctu
552 885 737 1000 corporis
766 885 914 970 melius
936 884 1165 1002 opinatus,
1195 883 1332 998 ipsum

396 1037 475 1124 pro
508 1005 741 1090 Alexandro
771 1005 977 1090 salutasse.
1007 1005 1088 1088 Sed
1123 1001 1236 1086 enim
1264 1035 1330 1088 er-

397 1153 535 1212 rorem
571 1127 684 1210 hunc
719 1147 850 1210 matre
879 1123 1000 1217 Darii
1035 1124 1329 1223 erubescente,

399 1245 550 1330 dixisse
580 1271 749 1360 regem,
784 1243 892 1328 nihil
928 1272 1019 1326 eam
1054 1241 1206 1325 erroris
1243 1242 1331 1326 eius

399 1362 608 1480 paenitere
637 1365 810 1448 debere:
846 1363 891 1445 in
925 1384 1101 1476 utroque
1138 1359 1252 1446 enim
1284 1391 1330 1447 se

398 1484 676 1570 Alexandrum
704 1485 933 1567 salutatum.

247 1653 333 1702 nm„
351 1659 382 1704 n
458 1605 687 1688 XXXVIII.
721 1601 873 1690 Darius
896 1625 1031 1686 tamen
1071 1600 1251 1684 collectis
1277 1630 1331 1684 ex

212 1718 382 1839 fflg'ffi
399 1721 496 1840 biga
532 1719 660 1808 ferme
701 1724 754 1808 ad
784 1723 883 1804 um·
912 1721 1077 1806 milibus
1120 1719 1327 1832 equitum,

208 1846 636 1970 ⁸1²²·111v0usEuphraten
671 1841 773 1958 petit
803 1841 1128 1954 insequentibus
1146 1839 1327 1953 interpo-

395 1965 588 2048 nendum.
621 1961 675 2044 At
699 1961 811 2046 enim
837 1962 1067 2046 Alexander
1092 1988 1326 2074 praecoque

395 2109 634 2197 properans,
666 2083 791 2168 Coele
821 2079 1033 2195 conposita
1059 2078 1229 2192 eiusque
1258 2107 1327 2161 ur-

398 2201 521 2286 bibus
557 2199 833 2301 confirmatis‚
868 2199 1054 2315 poenicis
1091 2217 1125 2276 tu
1163 2227 1328 2310 qnoque

398 2319 538 2434 Syriae
567 2350 633 2405 res
672 2320 836 2420 invisit,
882 2341 924 2404 et
958 2323 1150 2404 Stratone
1194 2317 1328 2402 Gero-

396 2440 511 2524 strati
541 2437 671 2524 filiunt
698 2460 755 2539 tu,
786 2440 859 2556 qui
895 2438 1030 2524 Persis
1062 2436 1273 2522 navalibus
1289 2454 1326 2513 (ὁ)

395 2580 597 2672 praeerat,
626 2559 854 2675 supplicem
873 2558 1022 2674 recipit
1049 2557 1194 2643 libenti
1228 2569 1324 2642 c‘um

394 2679 516 2764 venia
550 2707 669 2768 suum
704 2677 869 2763 factum.
904 2682 969 2764 Ab
1005 2709 1055 2764 eo
1092 2705 1216 2763 aurea
1251 2706 1323 2760 co-

320 2845 325 2856 1
392 2827 496 2884 rona
531 2819 746 2884 coronatus
788 2797 986 2883 Aradium
1022 2815 1061 2880 (ο)
1094 2798 1324 2908 multasque

232 2960 235 2992 t
390 2920 470 3004 sibi
501 2919 600 3003 alias
631 2918 799 3004 adhibet
857 2919 1049 3003 civitates.
1285 2971 1290 2980 ι

239 3087 306 3134 nn
332 3091 377 3138 m,
452 3041 644 3123 XXXIX.
687 3038 750 3124 lbi
792 3041 911 3125 Darii
953 3037 1077 3123 sumit
1117 3036 1322 3150 supplices

204 3158 376 3274 {mbr
392 3157 544 3243 litteras
573 3189 617 3244 se
649 3159 770 3273 culpa
798 3157 1029 3274 purgantis,
1059 3186 1194 3270 neque
1223 3155 1322 3242 belli

390 3305 529 3364 causas
567 3283 618 3360 ab
654 3309 697 3364 se
735 3300 870 3377 ortas,
905 3307 1050 3362 verum
1086 3277 1318 3386 lacessitum

389 3397 587 3496 obviasse.
631 3400 747 3502 Quae
790 3419 1011 3510 utcumque
1052 3425 1119 3480 res
1162 3393 1317 3493 fuerit,

412 3715 456 3799 'to
483 3743 543 3789 cau.
572 3741 694 3804 aarum.
726 3744 759 3798 n>
786 3746 823 3790 re
848 3748 903 3793 aa
929 3761 976 3808 μ.
997 3745 1319 3812 petentempetentem

387 3809 423 3870 (d)
441 3812 499 3860 flod.
520 3809 646 3858 senalidus.
665 3812 698 3874 (ο)
715 3811 776 3858 cod.
794 3814 912 3860 belm.
