3109 4934
562 506 845 584 instruunt
1118 511 1171 576 23

232 655 357 771 regiis
384 653 507 738 hosti
520 654 699 740 relictis.
729 655 864 740 dolori
884 642 1164 768 dedecorique

231 806 330 888 quoe
362 775 495 912 spolia
525 767 609 860 tam
637 775 758 860 foeda
791 805 917 888 quam
949 775 1059 858 bello
1078 803 1164 860 non

231 895 484 981 necessaria:
514 921 645 980 matre
677 917 721 980 et
757 895 933 1008 coniuge
966 895 1163 979 comitan-

230 1016 341 1100 tibus
370 1013 615 1128 filiabusque
633 1015 793 1100 duabus
807 1034 810 1038 ‘
825 1035 866 1098 et
892 1012 995 1121 filio.
1027 1012 1166 1129 Opum

231 1156 370 1220 tamen
402 1136 492 1220 eius
521 1135 658 1219 minus
689 1134 887 1248 opinione
908 1134 993 1218 illio
1021 1135 1167 1220 inven·
1279 1169 1282 1174 ·

229 1275 347 1354 tum,
352 1257 575 1395 'quonium
605 1254 806 1369 pleraque
842 1251 1040 1340 festinans
1082 1257 1167 1360 Da·

232 1375 364 1460 masei
403 1375 783 1460 commendaverat
809 1375 1045 1460 Alexander
1073 1395 1165 1458 tane

232 1495 329 1578 dem
349 1510 386 1578 ι)
405 1494 541 1580 victor
562 1494 615 1578 sd
629 1493 749 1580 Darii
767 1493 933 1608 epulam
949 1510 988 1576 ι)
1008 1517 1051 1578 et
1070 1515 1164 1582 ten·

232 1615 401 1700 torium
415 1607 592 1700 subitz'
579 1643 697 1728 reque
727 1611 824 1698 finis
853 1615 963 1698 bello
984 1611 1128 1700 <¹>firit

28 1756 227 1874 muzus
274 1735 486 1820 XXXVI
518 1733 761 1846 Insequenti
798 1735 1031 1820 Alexander
1063 1733 1164 1835 die,

28 1826 182 1958 gozilinus.

36 2709 160 2825 'fflDnrir
151 2707 219 2838 g.

40 2914 195 2961 Alemclrr.

190 1841 315 1940 '¹'etsi
334 1883 451 1969 gravr
438 1851 637 1940 femoris
662 1853 824 1938 saucius
846 1855 1036 1952 vulnere,
1061 1855 1165 1940 obiit

235 1996 370 2060 tumen
404 1995 601 2074 cunctos,
639 1994 681 2058 et
704 1973 880 2088 quisque
908 1972 1164 2062 desideratus

234 2095 295 2180 uti
294 2093 566 2230 sepeliretur
595 2113 636 2178 et
663 2095 791 2179 Persa
826 2123 877 2177 ex
913 2093 1003 2208 puri
1030 2093 1163 2180 iubet:

234 2214 409 2330 quisque
450 2216 685 2301 vulneratus
715 2232 763 2298 ut
801 2232 1047 2315 curaretur,
1092 2217 1165 2299 do-

234 2335 340 2420 natis
374 2333 439 2418 his
475 2334 615 2448 regie,
645 2363 881 2446 quorum
857 2332 904 2416 in
931 2333 1086 2418 bello
1073 2362 1163 2448 lpse

235 2449 474 2540 commilitio
518 2453 769 2539 fortitudinis
812 2455 923 2538 testis
965 2477 1053 2538 erut
1093 2475 1165 2538 aut

231 2573 366 2660 socius
395 2570 654 2660 difficultatis.

291 2685 504 2780 XXXVII.
525 2692 677 2779 Audito
697 2715 834 2778 tumen
851 2710 1064 2811 capturum
1079 2632 1164 2778 Du·

178 2793 288 2896 sirii
327 2813 547 2898 mulierum
582 2831 618 2896 (ιι
653 2815 843 2916 ululatu,
885 2817 1037 2949 quibus
1078 2813 1167 2921 risa

235 2961 349 3023 arma
378 2933 499 3020 Darii
527 2935 596 3020 vel
622 2961 766 3018 currus
792 2933 1030 3048 opinionem
1056 2929 1169 3015 caesi

234 3053 345 3169 regis
376 3050 640 3152 adferebant,
671 3054 803 3138 exisse
823 3055 875 3137 ud
894 3083 961 3137 eas
978 3076 1016 3128 ‹›
1039 3049 1168 3134 fertur

234 3192 276 3258 et
293 3169 520 3272 honorifice
549 3171 719 3275 vidisse,
735 3174 931 3289 regieque
960 3167 1166 3264 observari

270 3457 307 3513 (ι)
322 3451 412 3498 cote
402 3461 484 3498 tam.
501 3450 535 3508 (l)
552 3451 613 3500 cod.
633 3449 761 3526 nimpe.
780 3458 814 3510 (ι)
829 3451 889 3499 Goel-
906 3467 950 3500 m.

274 3657 316 3722 (r)
337 3651 470 3732 Epulum,
488 3651 585 3724 inquit
602 3651 725 3724 Fertur,
753 3652 861 3730 antiqui
888 3655 964 3708 eriam
987 3649 1170 3726 singulariter

233 3747 443 3882 plilriiempe
463 3805 610 3869 certnuim‘.
