3109 4934
424 525 489 576 roo
674 498 928 572 Aur-:rmum
952 499 1095 572 Ac'rvs

421 685 448 734 »
478 650 758 738 Alexandrum
784 647 1036 732 hortarere?
1072 646 1196 750 Quod
1226 650 1262 732 si
1293 650 1354 734 illi

420 805 449 853 »
479 801 563 857 non
594 791 732 854 assunt
762 768 872 858 tales,
902 788 973 850 aut
1000 786 1078 866 tot,
1105 767 1247 880 utique
1277 802 1353 854 no·

420 923 449 974 >›
479 893 544 977 bis
565 917 729 1004 quoque
748 909 845 972 sunt
863 886 1035 974 consilia
1049 887 1211 972 tutioris
1232 919 1352 974 com·

421 1035 449 1094 >>
478 1011 592 1097 mo'di
620 1008 867 1107 voluunda,
916 1005 1351 1123 considerandumque

422 1163 449 1213 r>
477 1161 577 1246 prae
628 1129 855 1226 omnibus,
907 1156 960 1210 an
988 1149 1024 1202 ω
1058 1131 1351 1242 praesentibus

421 1281 449 1332 r>
480 1249 706 1335 commodis
716 1246 1016 1386 periculorum
1045 1246 1178 1361 gloria
1222 1278 1348 1387 prae·

422 1401 451 1453 >›
482 1369 663 1485 optanda
693 1367 757 1452 sit.
788 1367 831 1450 N
833 1393 887 1448 ou
916 1366 1028 1449 enim
1069 1367 1106 1452 si
1150 1369 1349 1456 orationis

423 1521 451 1572 »
479 1487 739 1604 plusculum
728 1517 772 1570 m
789 1483 946 1569 curiam
961 1484 1252 1588 detulerimus,
1276 1511 1349 1573 aut

423 1639 451 1690 »
482 1630 649 1723 compta
677 1607 773 1692 satis
811 1625 933 1717 atque
968 1609 1177 1692 ornatiora
1218 1613 1351 1694 verba

421 1761 450 1811 >›
477 1727 836 1844 prompserimus,
867 1723 976 1808 exim
1024 1729 1145 1812 nobis
1194 1727 1349 1842 aliquid

422 1847 628 1934 »virium
684 1873 945 1932 accessurum
994 1865 1092 1946 est,
1143 1869 1184 1931 et
1233 1878 1347 1935 arma

421 2004 448 2052 »
477 1963 676 2053 fabricata
706 1987 741 2044 u>
771 1995 880 2051 nova
909 1967 962 2047 de
993 1969 1143 2051 verbis
1256 2036 1259 2040 .

460 2087 568 2170 XV.
601 2119 628 2168 >³
658 2087 787 2174 Addis
816 2115 1015 2200 magnum
1043 2086 1147 2171 illud
1188 2108 1230 2171 et
1266 2121 1346 2204 po·

420 2243 447 2292 »
477 2207 749 2293 tentissimum
790 2235 932 2322 regem
972 2206 1155 2291 Xerxem
1188 2205 1344 2312 fuisse,

419 2361 447 2410 >2
477 2328 550 2412 sed
579 2330 757 2412 eundem
780 2347 923 2411 nostro
945 2347 1146 2440 apparatu
1173 2357 1343 2443 supera·

419 2479 447 2530 >r
478 2467 577 2528 tum.
593 2450 819 2532 Donamus.
840 2449 892 2530 Et
907 2474 1158 2560 quamquam
1177 2463 1211 2526 ‹c›
1229 2451 1342 2534 haud

419 2599 447 2652 »
478 2565 648 2651 dubium
668 2564 945 2680 profitendum
962 2567 1015 2649 sit
1034 2596 1109 2650 nos
1126 2568 1234 2654 illiue
1245 2570 1344 2656 viri·

418 2720 446 2768 »
475 2688 554 2770 bus
568 2685 748 2770 minores
760 2688 883 2801 longe
897 2684 1041 2786 fixisse,
1056 2687 1229 2772 consilio
1241 2720 1344 2775 vero

417 2839 445 2890 2>
474 2805 541 2892 vel
569 2805 788 2922 prudentia
816 2804 1024 2920 potiores3
1059 2836 1171 2892 nunc
1206 2828 1345 2895 tamen

414 2962 443 3010 2>
475 2924 662 3044 intelligo'
697 2926 901 3038 videoque
946 2956 1001 3009 ne
1029 2927 1132 3012 illud
1176 2929 1344 3040 quidem

416 3081 444 3130 »
475 3048 707 3133 Alexandro
724 3048 882 3147 deesse,
902 3074 986 3160 quo
1002 3077 1027 3129 a
1041 3049 1161 3132 nobis
1183 3048 1343 3135 Xerxes

417 3201 444 3250 >>
475 3169 654 3281 potuerit
664 3167 859 3281 superari.
879 3166 1098 3251 Tredecim
1116 3164 1244 3252 ferme
1258 3171 1342 3252 iam

416 3319 443 3367 >›
473 3314 646 3371 numero
677 3289 764 3372 eius
802 3289 912 3371 bella
942 3309 979 3362 ‹¹›
996 3285 1150 3399 pariter
1191 3308 1233 3368 et
1281 3288 1342 3372 vi·

414 3437 441 3484 »
474 3405 627 3489 ctoriae
661 3428 955 3505 numeruntur,
984 3405 1250 3518 civitatesque
1278 3409 1342 3491 illi

450 3635 485 3694 (a)
502 3634 561 3679 cod.
580 3645 613 3680 ue.
631 3635 664 3690 (l)
682 3637 741 3681 Geel.
754 3635 854 3698 [ὠνία.
870 3643 901 3692 (ι)
918 3630 981 3682 eod'.
995 3651 1019 3684 or
1044 3657 1119 3702 qun.
1230 3662 1234 3667 ·

453 3785 494 3850 (ι)
513 3779 620 3853 Nempe
633 3801 752 3860 pugnae.
