3109 4934
594 513 866 589 IALEXANDRI
1162 515 1207 606 73

195 697 199 704 ·
281 663 420 750 moliri
444 660 523 748 iter
543 677 608 762 (⁶),
630 666 737 749 absit
767 661 1007 748 obnuntiat:
1042 664 1115 748 sed
1142 665 1209 749 in·

153 783 158 798 ’
280 787 380 870 citat
409 813 556 898 mage,
586 785 751 896 acrique
786 781 895 866 bello
915 804 1131 898 superatur
1167 807 1210 872 et

278 904 452 1020 capitur.
509 907 715 1018 Receptus
767 922 905 986 tamen
962 905 1025 986 ad.
1055 904 1210 990 amicos

189 1025 208 1046 '
275 1024 499 1110 Alexandri
523 1025 673 1110 merito
701 1021 969 1108 virtutium·‹·›
987 1051 1211 1158 procurare

275 1147 388 1257 quod
407 1167 444 1222 to
466 1164 555 1228 erat
589 1173 665 1230 rex
707 1141 877 1254 recepit.
921 1145 984 1226 Ita
1018 1172 1117 1256 pars
1147 1165 1212 1228 est

274 1265 466 1366 virtutis,
498 1293 548 1348 es
569 1280 603 1339 to
626 1260 776 1375 quibus
795 1260 1023 1376 praefireris
1053 1285 1101 1345 ut
1129 1294 1210 1376 po-

275 1383 355 1470 tior
371 1406 432 1485 to,
465 1413 594 1496 aeque
626 1412 723 1467 sane
754 1411 866 1466 nunc
896 1411 993 1466 mox
1034 1383 1207 1469 cessisse

272 1503 449 1616 potiori:
481 1502 677 1617 quoniam
712 1500 887 1615 quisque
916 1501 1207 1589 mediocritatis

274 1643 336 1709 est
367 1625 529 1738 agnitor
556 1624 655 1718 satis
684 1618 827 1706 fecerit
856 1651 946 1708 sese
988 1623 1206 1706 noscendo.

116 1775 261 1826 umus
340 1743 470 1828 CXII.
519 1745 638 1829 Exim
686 1769 859 1856 magnas
907 1743 1116 1827 Pecanum
1164 1762 1208 1824 et

78 1845 132 1893 '⁵⁸'
274 1861 534 1950 Musicarum
564 1863 754 1979 regiones
784 1862 1048 1977 exsequitur,
1080 1890 1129 1946 ac
1149 1861 1207 1946 si·

195 2055 197 2060 .
271 1983 317 2068 bi
342 2004 580 2101 congregat.
601 1986 766 2068 Petram
786 2005 951 2096 quoque
973 2013 1081 2096 quae
1097 1985 1205 2066 Aor-

270 2104 336 2188 nis
351 2123 387 2183 ‹1›
406 2107 577 2194 vocatur
603 2097 791 2202 allectat,
808 2102 925 2188 cuius
938 2103 1204 2219 proceritudo

271 2244 368 2308 sunt
398 2226 517 2310 stadii
552 2223 873 2338 quadringenti,
913 2251 1039 2337 supra
1073 2226 1203 2308 culto·

269 2344 387 2429 ribus
431 2347 547 2433 dives
592 2346 705 2431 haud
746 2345 884 2429 minus
925 2343 1204 2457 locupletibus

270 2494 396 2578 quam
428 2464 609 2552 securis:
639 2485 681 2550 et
711 2487 774 2550 est
804 2464 844 2547 ei
873 2493 1026 2550 nomen
1050 2494 1099 2549 ex
1121 2464 1202 2548 cel-

269 2584 476 2686 situdine,
508 2615 633 2702 quam
663 2615 741 2670 nec
759 2583 876 2670 alites
896 2585 1205 2699 supervolitent.

269 2703 353 2788 Sed
384 2706 495 2790 enim
525 2709 635 2790 hanc
670 2729 703 2782 ‹e›
730 2733 896 2820 quoque
928 2706 1086 2820 optinet
1114 2703 1203 2788 fixu

267 2825 414 2910 vitium
435 2849 491 2928 ts),
523 2827 593 2914 via
622 2827 791 2912 scansili
810 2855 857 2911 ac
887 2825 1046 2911 insidiis
1071 2853 1201 2939 appe·

267 2962 384 3030 utam
403 2963 446 3032 tn.

73 3075 255 3195 dffjffl·
331 3066 476 3152 CXIII.
506 3069 594 3152 Iam
620 3089 654 3150 o>
688 3069 737 3151 cle
769 3065 1054 3181 magnitudine
1102 3063 1201 3148 belli

71 3215 205 3276 suasu·
269 3209 376 3272 ortus
406 3209 463 3272 est
493 3210 645 3298 quernos
667 3217 762 3273 cum
781 3185 1058 3302 primatibus,
1087 3187 1201 3295 quod

263 3409 300 3462 ln
316 3431 363 3476 pro
379 3433 418 3464 ει.
440 3425 473 3476 (ι)
490 3421 550 3468 cod.
563 3423 648 3484 patior.
667 3422 702 3479 (ἢ
718 3426 754 3468 lt·
771 3425 826 3471 eod.
844 3433 869 3469 st
883 3425 985 3472 Δπῖηο
1009 3431 1047 3470 ert
1064 3410 1199 3485 'deproc-

261 3481 296 3538 Ie>
314 3486 374 3533 (lod.
385 3486 486 3552 lists)
496 3489 557 3536 Cod.
572 3491 801 3554 «cummium.
826 3496 860 3555 ω
877 3495 937 3539 cod.
953 3507 1014 3538 nan.

262 3678 394 3718 nrtnttto·
693 3694 696 3700 ¹

302 3744 344 3807 (a)
363 3739 411 3796 lto
427 3741 492 3796 cod.
512 3758 567 3813 pro
585 3741 618 3800 id
635 3741 724 3801 cuius.

304 3815 346 3886 (3)
366 3817 438 3873 Cod.
471 3822 591 3876 sections.
623 3820 690 3876 Dixi
722 3822 836 3893 sitim,
864 3823 936 3896 qni·
962 3825 1024 3882 vitia
1054 3820 1191 3878 mochin·

259 3907 306 3949 est
324 3895 459 3952 militaris
478 3899 576 3955 erdem
596 3917 671 3974 quse
688 3903 772 3959 siuet.
