3109 4934
379 553 433 626 aa·
633 554 887 626 ALEXANDRI
912 552 1050 626 ACTVS

380 703 418 784 io
394 704 502 820 itur
546 703 786 817 Stesagoras
816 697 1083 818 magistratus
1110 703 1165 784 ab
1183 703 1313 788 Athe.

381 821 588 906 niensibus
619 825 735 908 datus
766 822 897 920 foret,
928 845 987 905 eo
1003 821 1204 921 recurrit,
1234 821 1324 906 ibi-

380 974 461 1054 que
492 942 684 1027 iniuriam
729 940 825 1028 facti
871 939 1049 1038 deflens,
1095 971 1214 1054 opem
1257 944 1311 1024 ab

380 1062 469 1162 his,
501 1093 524 1146 a
555 1063 704 1174 quibus
734 1061 973 1177 dignitatem
1001 1059 1114 1142 illam
1144 1090 1312 1173 accepe-

382 1202 463 1278 rat,
493 1181 739 1296 imploravit.
762 1181 912 1268 Animo
931 1179 1160 1263 incitatiore
1186 1183 1311 1263 Athe·

382 1301 543 1386 nienses
573 1331 625 1384 ne
655 1301 797 1386 verbis·
822 1302 991 1413 quidem
1019 1327 1045 1380 a
1072 1299 1182 1413 regis
1212 1329 1311 1382 con-

382 1421 547 1504 tumelia
591 1442 881 1536 temperavere.
923 1418 1086 1522 Quibus
1136 1417 1314 1530 acceptis

383 1540 614 1626 Alexander
642 1540 687 1621 in
715 1543 824 1624 hanc
874 1539 1117 1625 sententiam
1161 1537 1313 1621 litteras

387 1662 435 1744 ad
468 1659 733 1745 Athenienses
775 1659 897 1743 dedit.

237 1815 308 1864 nn.
309 1817 368 1865 „aa
443 1782 493 1862 V:
527 1777 781 1892 «Equidem
810 1777 1018 1880 messio,
1054 1799 1313 1892 postsusce·

198 1881 344 2002 Ἠ,
336 1888 409 2002 2⁶.»
442 1921 558 2012 ptum
587 1897 713 2012 patris
743 1899 826 1983 mei
873 1927 1073 2012 regnum,
1120 1926 1315 2012 procura-

385 2051 414 2100 »
445 2019 565 2103 tione
603 2015 790 2103 fortunae
845 2018 1087 2131 iampridem
1139 2017 1313 2102 occiduo

384 2143 546 2242 »orbe
567 2138 790 2252 disposito,
819 2139 945 2252 idque
974 2166 1050 2252 per
1082 2137 1235 2224 litteras
1249 2159 1313 2236 w,

384 2289 416 2338 n·
443 2257 691 2374 paratisque*
709 2260 773 2344 his
807 2259 992 2374 partibus
1022 2281 1064 2343 et
1104 2260 1157 2342 ad
1201 2257 1314 2342 auxi·

385 2411 411 2460 »
444 2381 544 2461 lium
580 2379 666 2462 eius
708 2379 791 2475 mei
812 2379 1051 2462 conmilitio
1086 2379 1310 2492 copulatis,

385 2531 411 2578 n
444 2497 615 2613 gratiam
645 2497 878 2610 reliquis
842 2527 929 2582 erus
969 2497 1093 2582 studii
1133 2495 1311 2597 fecisse,

384 2645 417 2697 n
445 2637 680 2702 contentum
709 2619 774 2702 his
803 2619 931 2702 modo
971 2618 1044 2741 qui
1083 2647 1246 2702 meeum
1287 2649 1312 2702 a

384 2769 411 2818 n
443 2736 684 2822 Macedonia
724 2738 903 2822 inierant
942 2739 1053 2822 hunc
1093 2739 1310 2838 laborem,

384 2891 410 2940 n
443 2887 705 2972 quorumque
746 2857 941 2944 comitatu
984 2858 1149 2972 Europa
1192 2858 1311 2942 nohis

382 3013 408 3060 »
443 2979 573 3062 omnis
605 2999 838 3064 accesserat
870 2977 952 3059 Sed
971 3007 1022 3061 ex
1036 2978 1102 3063 his
1122 2977 1310 3062 omnibus

380 3131 408 3180 »
441 3102 660 3183 Thebanos
680 3098 847 3211 quidem
876 3125 960 3180 non
978 3097 1071 3182 ‘levi
1104 3099 1155 3180 de
1186 3125 1310 3182 causa

379 3251 405 3296 n
440 3218 650 3302 occidione
680 3215 890 3302 interemi:
921 3219 972 3302 de
992 3217 1309 3301 Atheniensibus

381 3341 419 3416 n'
439 3367 538 3421 vero
568 3366 659 3451 spes
677 3338 780 3422 mihi
794 3358 882 3422 erat
900 3338 1064 3420 dextros
1084 3336 1186 3424 mihi
1210 3336 1309 3421 satis

381 3487 407 3534 n
441 3475 503 3536 et·
526 3459 797 3569 obsequentes
830 3455 999 3541 futuros.
1048 3457 1168 3540 Enim
1212 3486 1308 3540 cum

382 3605 408 3652 n
438 3603 554 3656 secus
586 3577 703 3659 dictis
733 3605 806 3660 vos
835 3575 1104 3662 insolentibus
1121 3575 1309 3662 velitatos

420 3845 460 3910 (r)
483 3839 588 3894 Recole
608 3840 661 3896 lib.
681 3839 704 3896 l.
725 3839 762 3896 ad
782 3859 847 3914 cap.
866 3856 927 3900 xvr.
947 3863 978 3917 p.
997 3861 1043 3901 ao.
1061 3865 1091 3900 n.
1114 3861 1138 3901 t.
