3109 4934
588 479 906 555 ALEXANom:
1048 465 1052 481 ’
1140 503 1180 572 7¹

215 665 218 674 ⁴
254 627 495 728 obluctatas,
510 627 736 745 Baziphara
751 630 839 716 sive
853 630 1009 716 Horam
1021 647 1057 727 (ς)
1070 630 1184 714 nullo

252 747 418 864 negotio
441 748 641 834 transiens
665 750 799 866 capit:
829 779 1078 864 quamquam
1107 753 1186 835 Ba·

252 870 444 983 zipharae
476 867 559 954 viri
588 889 830 984 contemptu
860 899 1087 984 paucorum
1118 870 1187 952 ad·

231 1005 381 1074 'venas
424 990 650 1074 irruissent.
694 989 780 1074 Ubi
824 1009 961 1074 tamen
1002 988 1188 1105 plerique

250 1105 463 1208 cecidere,
493 1108 666 1224 quisque
698 1131 884 1194 evaserat
909 1131 1072 1226 petram
1094 1139 1188 1194 mu·

251 1229 493 1320 tutissimam
524 1233 746 1315 confluunt.

56 1359 178 1471 ώιῖ
154 1355 237 1438 ΜΞ·
314 1353 457 1436 CVIII.
487 1353 527 1434 Is
556 1349 672 1433 locus
707 1371 851 1491 petrae
891 1349 1076 1436 ducentis
1105 1371 1188 1436 sta·

58 1503 68 1537 ²
103 1521 111 1536 ·
171 1439 330 1558 ⁸¹1”diis
355 1469 634 1609 Ιεἰιοιιιιιίιιιι,
665 1470 838 1586 erigitur
868 1467 1047 1571 decem,
1076 1473 1190 1556 aditu

252 1590 392 1691 tenui,
436 1589 653 1676 mollisin
694 1593 898 1694 culmine,
941 1615 984 1678 et
1016 1590 1191 1676 fontium

255 1731 449 1811 scatens,
497 1708 739 1827 patiensque
784 1712 1028 1798 industriam
1076 1710 1189 1796 mille

253 1830 468 1918 hominum
497 1832 759 1916 ruscularum
789 1850 836 1916 tt).
874 1834 1007 1950 Igitur
1037 1837 1088 1917 ed
1118 1861 1191 1916 ve·

254 1951 372 2036 niens
404 1949 514 2066 capit
539 1951 736 2066 plurimas
759 1951 954 2041 civitatee
984 1955 1091 2038 Tum
1120 1982 1193 2067 pe

254 2093 361 2155 tram
391 2073 586 2185 adgresso
629 2070 969 2188 obsidionemque
1004 2073 1192 2160 molienti

179 2209 182 2216 “
256 2187 522 2331 transfugae
521 2194 645 2276 duces
677 2194 816 2308 coepti
841 2192 1119 2279 moliminis
1080 2223 1191 2280 viam

253 2332 457 2426 praeeunt
487 2312 526 2396 ei
554 2312 779 2400 inscensus.
811 2316 953 2451 Itaque
980 2313 1090 2429 capti
1119 2316 1192 2398 de·

257 2432 450 2546 ductique
478 2435 657 2548 praedae
687 2430 804 2518 fuere
834 2435 906 2549 qni
933 2434 1046 2519 bello
1071 2435 1193 2520 resti-

256 2571 402 2638 terant

105 2693 245 2742 nunt..
320 2673 427 2759 CIX.
459 2667 515 2756 Αι
534 2675 645 2758 enim
664 2674 850 2758 nuntiato
878 2705 1042 2762 rursum
1061 2675 1211 2780 Accas

66 2761 244 2882 {2³:133
260 2823 401 2878 muros
430 2814 464 2870 ι)
494 2793 615 2880 indos
637 2795 760 2879 armis
781 2799 1031 2911 oppressisse
1057 2795 1195 2880 studio

259 2912 513 3014 fidentiore,
544 2933 585 2998 et
614 2913 856 3030 elephantes
884 2945 980 3001 suos
1010 2943 1088 3050 per
1124 2912 1196 2998 sil

163 3089 165 3094 .
259 3034 412 3121 restria
443 3036 712 3136 amandasse3
742 3033 817 3119 ubi
848 3043 899 3119 ed
927 3033 1075 3132 venit,
1104 3061 1196 3117 mu-

259 3182 330 3240 ros
362 3157 546 3239 desertos
577 3153 874 3269 incensamque
892 3158 1040 3239 urbem
1065 3153 1194 3254 videt,

259 3295 300 3358 et
329 3275 509 3389 dilapsos
540 3303 687 3360 omnes
727 3303 810 3388 qua
860 3276 988 3361 tutius
1034 3273 1196 3361 lateant.

259 3395 400 3498 Quare
439 3393 528 3480 aliis
556 3393 842 3509 persecutione
877 3396 1036 3510 legata,
1068 3421 1194 3508 quae·

259 3513 430 3627 sitisque
460 3545 604 3600 eorum
635 3514 865 3630 elephantis
895 3532 934 3594 ιιι
964 3536 1009 3632 et
1030 3513 1194 3630 captis,

291 3721 327 3774 (ι)
345 3719 382 3764 lm
398 3719 451 3764 eod.
469 3727 494 3764 ιι
507 3719 620 3780 superius
635 3723 705 3766 Hera.
725 3720 806 3778 (mu
818 3719 930 3766 sonunt
946 3719 1024 3766 nevis
1038 3716 1197 3769 madena-

146 3817 148 3822 .
259 3783 291 3844 (ι)
310 3786 368 3833 cod.
388 3791 525 3833 ιἰιιιιιιοι.
545 3787 582 3849 (ὁ)
598 3789 635 3834 ltu
651 3789 706 3836 cod.
723 3803 748 3835 ιι
761 3788 874 3848 superior
890 3786 1021 3851 defleam
