3109 4934
343 499 389 574 74
668 473 960 547 irruenumvn

340 625 449 708 ultra
504 623 647 739 gentes
698 625 809 708 bello
850 622 1022 708 idoneas
1066 619 1274 738 coegisset
1352 663 1361 675 ·

342 745 530 858 experiri.
571 744 667 845 Quo
698 761 735 828 ‹a›
774 745 995 829 adversum
1024 772 1096 828 eas
1136 745 1276 828 animo

344 863 540 950 arderet?
570 864 724 950 Milites
768 893 870 949 vero
914 867 969 950 ad
1015 865 1122 950 haec
1165 866 1277 948 ultra
1394 853 1397 863 ’

342 985 530 1070 laborem
584 1003 626 1066 et
681 983 869 1099 pericula
911 986 1275 1099 deprecabantur:

343 1135 472 1190 annos
504 1127 622 1205 Ἧι,
653 1107 826 1190 vulnera
845 1125 887 1188 et
911 1134 1082 1189 suorum
1111 1104 1276 1189 deside-

340 1226 403 1308 ria
422 1246 696 1310 numerantes.
731 1225 843 1309 Data
861 1225 989 1339 igitur
1015 1221 1134 1310 fessis
1157 1224 1275 1338 quie·

343 1363 411 1444 te,
441 1347 674 1452 volentibus
703 1345 845 1428 utitur.
875 1344 1182 1431 Succenturiari
1211 1365 1276 1428 ta·

341 1493 438 1548 men
457 1464 635 1551 dimissis
658 1464 758 1549 alios
777 1495 803 1547 e
823 1465 960 1580 patria
978 1465 1104 1550 iubet
1128 1465 1276 1577 Itaque

342 1584 541 1672 victoriae
578 1586 750 1672 avaritia
780 1615 881 1670 usus
918 1615 1120 1671 oceanum
1150 1586 1276 1670 venit.

235 1752 281 1784 ω
300 1752 326 1786 u
403 1706 547 1794 CXIV.
582 1706 647 1790 Ibi
690 1735 858 1820 quoque
899 1706 1131 1792 inmodicus
1163 1705 1278 1819 eupi-

161 1820 250 1922 Ἤ.
286 1821 328 1854 ⁸*
344 1826 510 1927 ditatis,
550 1826 746 1941 quoniam
781 1843 817 1903 (δι
847 1827 893 1910 in
934 1827 1112 1912 navibus
1154 1825 1278 1910 textis

342 1947 574 2060 periculum
593 1949 716 2033 vellet
733 1946 872 2031 facere
892 1969 1085 2046 naturae,
1112 1969 1154 2031 et
1174 1945 1277 2058 quid

343 2064 424 2150 sibi
459 2068 526 2153 vel
554 2068 729 2181 quisque
758 2067 804 2152 id
833 2068 958 2153 vellet
986 2068 1095 2152 ultra
1121 2067 1277 2153 liceret

342 2185 498 2272 Verum
532 2210 705 2302 repente
740 2219 836 2272 cum
866 2191 966 2272 flatu
996 2188 1178 2273 violento
1210 2215 1279 2269 re·

343 2305 459 2391 diens
489 2309 662 2393 haustus
680 2338 826 2394 oceam
813 2308 969 2393 solito
991 2306 1279 2395 vehementior

345 2455 488 2512 omues
518 2431 575 2513 ad
600 2431 682 2514 hoc
700 2450 870 2544 paratos
889 2428 996 2512 inter
1025 2457 1155 2517 naves
1175 2455 1278 2510 con·
1349 2499 1352 2504 .

342 2546 448 2661 fligit
483 2571 526 2634 et
554 2549 714 2672 mergit.
748 2551 896 2663 Neque
933 2548 1077 2664 agnitu
1111 2543 1280 2632 difficile

342 2667 388 2750 id
418 2689 532 2769 erat,
573 2659 686 2756 ue'os
722 2691 821 2756 voto
857 2667 1087 2786 refragari,
1123 2667 1277 2784 quibus

345 2789 533 2925 quamuis
563 2790 654 2903 ipse
684 2789 817 2874 obniti
847 2815 995 2904 negat,
1025 2787 1211 2904 nequid
1198 2815 1280 2871 nn

345 2909 462 3021 pium
506 2913 656 2996 audeat
697 2931 927 3024 temptare3
966 2909 1093 2994 mittit
1137 2935 1278 2994 tamen

344 3051 560 3146 promptos
592 3032 815 3131 audaciae,
859 3030 1044 3144 nihilque
1085 3030 1178 3144 regi
1208 3057 1278 3112 au·

344 3150 488 3238 dentes
509 3181 660 3266 negare
681 3153 994 3237 Ono'marchum
1014 3171 1056 3234 et
1074 3150 1223 3234 Neona
1239 3177 1277 3228 (ιι

205 3341 207 3346 ,
346 3269 586 3386 (congestis
615 3274 715 3360 navi
745 3303 851 3386 quae
866 3272 1016 3388 cuique
1035 3269 1096 3355 sic
1124 3268 1279 3356 volenti

379 3521 549 3576 (Mutet
507 3525 615 3585 uim
616 3527 751 3588 ‘etitem
738 3525 1086 3590 ‘nubentem

386 3697 428 3762 (ι)
448 3693 577 3752 luced.
597 3697 655 3754 110·
685 3699 736 3754 alii
758 3699 905 3772 appellant
935 3703 1087 3760 ruentum
1116 3715 1146 3759 et
1177 3701 1283 3758 Oneu-

349 3771 482 3832 crituue·
