<?xml version="1.0" encoding="UTF-8"?>
<!DOCTYPE html PUBLIC "-//W3C//DTD XHTML 1.0 Transitional//EN"
    "http://www.w3.org/TR/xhtml1/DTD/xhtml1-transitional.dtd">
<html xmlns="http://www.w3.org/1999/xhtml" xml:lang="en" lang="en">
 <head>
  <title>
</title>
<meta http-equiv="Content-Type" content="text/html;charset=utf-8" />
  <meta name='ocr-system' content='tesseract 3.04.00' />
  <meta name='ocr-capabilities' content='ocr_page ocr_carea ocr_par ocr_line ocrx_word'/>
</head>
<body>
  <div class='ocr_page' id='page_1' title='image "./itinerariumalex00unkngoog/itinerariumalex00unkngoog_0337.png"; bbox 0 0 3109 4934; ppageno 0'>
   <div class='ocr_carea' id='block_1_1' title="bbox 479 513 1176 588">
    <p class='ocr_par' dir='ltr' id='par_1_1' title="bbox 479 513 1176 588">
     <span class='ocr_line' id='line_1_1' title="bbox 479 513 1176 588; baseline 0.006 -5"><span class='ocrx_word' id='word_1_1' title='bbox 479 541 483 550; x_wconf 93' lang='lat'>·</span> <span class='ocrx_word' id='word_1_2' title='bbox 556 513 633 584; x_wconf 74' lang='lat' dir='ltr'>SEV</span> <span class='ocrx_word' id='word_1_3' title='bbox 659 513 787 585; x_wconf 86' lang='lat' dir='ltr'>LIBER</span> <span class='ocrx_word' id='word_1_4' title='bbox 810 513 870 584; x_wconf 85' lang='lat'>111.</span> <span class='ocrx_word' id='word_1_5' title='bbox 1107 520 1176 588; x_wconf 66' lang='lat'>203</span> 
     </span>
    </p>
   </div>
   <div class='ocr_carea' id='block_1_2' title="bbox 43 657 1247 3146">
    <p class='ocr_par' dir='ltr' id='par_1_2' title="bbox 43 657 1247 3146">
     <span class='ocr_line' id='line_1_2' title="bbox 250 657 1178 774; baseline -0.003 -27"><span class='ocrx_word' id='word_1_6' title='bbox 250 663 417 747; x_wconf 88' lang='lat' dir='ltr'><strong>modum</strong></span> <span class='ocrx_word' id='word_1_7' title='bbox 432 657 616 774; x_wconf 85' lang='lat' dir='ltr'>scriptas.</span> <span class='ocrx_word' id='word_1_8' title='bbox 634 695 661 744; x_wconf 90' lang='lat'>«</span> <span class='ocrx_word' id='word_1_9' title='bbox 673 658 883 760; x_wconf 39' lang='lat' dir='ltr'>Victorias,</span> <span class='ocrx_word' id='word_1_10' title='bbox 898 680 1058 746; x_wconf 86' lang='lat' dir='ltr'>nostras</span> <span class='ocrx_word' id='word_1_11' title='bbox 1077 683 1118 745; x_wconf 84' lang='lat' dir='ltr'>et</span> <span class='ocrx_word' id='word_1_12' title='bbox 1132 661 1178 745; x_wconf 91' lang='lat' dir='ltr'>in</span> 
     </span>
     <span class='ocr_line' id='line_1_3' title="bbox 251 779 1177 893; baseline 0.004 -31"><span class='ocrx_word' id='word_1_13' title='bbox 251 814 280 863; x_wconf 72' lang='lat'>2&gt;</span> <span class='ocrx_word' id='word_1_14' title='bbox 311 779 486 866; x_wconf 89' lang='lat' dir='ltr'>Darium</span> <span class='ocrx_word' id='word_1_15' title='bbox 506 782 632 882; x_wconf 83' lang='lat' dir='ltr'>bella,</span> <span class='ocrx_word' id='word_1_16' title='bbox 658 779 847 892; x_wconf 83' lang='lat' dir='ltr'>eximque</span> <span class='ocrx_word' id='word_1_17' title='bbox 867 785 911 864; x_wconf 86' lang='lat' dir='ltr'>in</span> <span class='ocrx_word' id='word_1_18' title='bbox 931 780 1034 865; x_wconf 87' lang='lat' dir='ltr'>alios</span> <span class='ocrx_word' id='word_1_19' title='bbox 1054 812 1177 893; x_wconf 86' lang='lat' dir='ltr'>quos·</span> 
     </span>
     <span class='ocr_line' id='line_1_4' title="bbox 247 899 1176 1013; baseline 0.002 -31"><span class='ocrx_word' id='word_1_20' title='bbox 247 932 276 982; x_wconf 71' lang='lat' dir='ltr'>&gt;r</span> <span class='ocrx_word' id='word_1_21' title='bbox 309 929 484 1013; x_wconf 87' lang='lat' dir='ltr'>cumque</span> <span class='ocrx_word' id='word_1_22' title='bbox 503 899 766 987; x_wconf 81' lang='lat' dir='ltr'>militavimus</span> <span class='ocrx_word' id='word_1_23' title='bbox 798 900 948 1013; x_wconf 82' lang='lat' dir='ltr'>glorias</span> <span class='ocrx_word' id='word_1_24' title='bbox 967 903 1078 985; x_wconf 88' lang='lat' dir='ltr'><strong>haud</strong></span> <span class='ocrx_word' id='word_1_25' title='bbox 1098 903 1176 984; x_wconf 85' lang='lat' dir='ltr'>du·</span> 
     </span>
     <span class='ocr_line' id='line_1_5' title="bbox 250 1018 1173 1136; baseline 0.003 -36"><span class='ocrx_word' id='word_1_26' title='bbox 250 1051 277 1100; x_wconf 72' lang='lat' dir='ltr'>&gt;r</span> <span class='ocrx_word' id='word_1_27' title='bbox 307 1021 395 1106; x_wconf 89' lang='lat' dir='ltr'>bito</span> <span class='ocrx_word' id='word_1_28' title='bbox 425 1020 547 1104; x_wconf 90' lang='lat' dir='ltr'>vobis</span> <span class='ocrx_word' id='word_1_29' title='bbox 577 1019 709 1104; x_wconf 86' lang='lat' dir='ltr'>famae</span> <span class='ocrx_word' id='word_1_30' title='bbox 738 1018 868 1134; x_wconf 88' lang='lat' dir='ltr'>ipsius</span> <span class='ocrx_word' id='word_1_31' title='bbox 903 1020 1173 1136; x_wconf 85' lang='lat' dir='ltr'>magnificen-</span> 
     </span>
     <span class='ocr_line' id='line_1_6' title="bbox 249 1139 1247 1226; baseline 0.005 -9"><span class='ocrx_word' id='word_1_32' title='bbox 249 1171 276 1218; x_wconf 75' lang='lat' dir='ltr'>n</span> <span class='ocrx_word' id='word_1_33' title='bbox 306 1140 405 1224; x_wconf 89' lang='lat' dir='ltr'>tiam</span> <span class='ocrx_word' id='word_1_34' title='bbox 430 1142 751 1226; x_wconf 82' lang='lat' dir='ltr'><strong>commendasse.</strong></span> <span class='ocrx_word' id='word_1_35' title='bbox 778 1141 888 1222; x_wconf 89' lang='lat' dir='ltr'>Nam</span> <span class='ocrx_word' id='word_1_36' title='bbox 908 1161 951 1222; x_wconf 89' lang='lat' dir='ltr'>et</span> <span class='ocrx_word' id='word_1_37' title='bbox 972 1139 1071 1222; x_wconf 90' lang='lat' dir='ltr'>Pori</span> <span class='ocrx_word' id='word_1_38' title='bbox 1091 1139 1175 1223; x_wconf 86' lang='lat' dir='ltr'>for·</span> <span class='ocrx_word' id='word_1_39' title='bbox 1236 1183 1247 1198; x_wconf 36' lang='grc' dir='ltr'>κ</span> 
     </span>
     <span class='ocr_line' id='line_1_7' title="bbox 118 1257 1173 1373; baseline 0 -31"><span class='ocrx_word' id='word_1_40' title='bbox 118 1328 120 1333; x_wconf 93' lang='grc'><em>.</em></span> <span class='ocrx_word' id='word_1_41' title='bbox 249 1293 276 1342; x_wconf 71' lang='lat' dir='ltr'>&gt;r</span> <span class='ocrx_word' id='word_1_42' title='bbox 307 1283 449 1345; x_wconf 87' lang='lat' dir='ltr'>tunam</span> <span class='ocrx_word' id='word_1_43' title='bbox 484 1279 525 1342; x_wconf 88' lang='lat' dir='ltr'>et</span> <span class='ocrx_word' id='word_1_44' title='bbox 567 1259 864 1344; x_wconf 80' lang='lat' dir='ltr'>iter&#39;nostrum</span> <span class='ocrx_word' id='word_1_45' title='bbox 905 1257 951 1342; x_wconf 88' lang='lat' dir='ltr'>in</span> <span class='ocrx_word' id='word_1_46' title='bbox 982 1259 1173 1373; x_wconf 83' lang='lat' dir='ltr'>Oxydra-</span> 
     </span>
     <span class='ocr_line' id='line_1_8' title="bbox 248 1377 1174 1492; baseline 0.002 -32"><span class='ocrx_word' id='word_1_47' title='bbox 248 1411 275 1460; x_wconf 86' lang='lat'>&gt;›</span> <span class='ocrx_word' id='word_1_48' title='bbox 307 1401 449 1465; x_wconf 87' lang='lat' dir='ltr'>contas</span> <span class='ocrx_word' id='word_1_49' title='bbox 476 1407 523 1461; x_wconf 84' lang='lat' dir='ltr'>ac</span> <span class='ocrx_word' id='word_1_50' title='bbox 554 1381 832 1464; x_wconf 70' lang='lat' dir='ltr'><strong>Brachmanae</strong></span> <span class='ocrx_word' id='word_1_51' title='bbox 874 1377 999 1492; x_wconf 80' lang='lat' dir='ltr'>digne</span> <span class='ocrx_word' id='word_1_52' title='bbox 1046 1378 1174 1463; x_wconf 86' lang='lat' dir='ltr'>taceri</span> 
     </span>
     <span class='ocr_line' id='line_1_9' title="bbox 249 1497 1173 1614; baseline -0.001 -31"><span class='ocrx_word' id='word_1_53' title='bbox 249 1531 276 1584; x_wconf 74' lang='lat' dir='ltr'>a</span> <span class='ocrx_word' id='word_1_54' title='bbox 307 1529 392 1590; x_wconf 88' lang='lat' dir='ltr'>non</span> <span class='ocrx_word' id='word_1_55' title='bbox 422 1497 623 1582; x_wconf 89' lang='lat' dir='ltr'>arbitror:</span> <span class='ocrx_word' id='word_1_56' title='bbox 642 1501 686 1582; x_wconf 90' lang='lat' dir='ltr'>in</span> <span class='ocrx_word' id='word_1_57' title='bbox 699 1502 792 1583; x_wconf 29' lang='lat' dir='ltr'><strong>*hoc</strong></span> <span class='ocrx_word' id='word_1_58' title='bbox 811 1498 978 1581; x_wconf 88' lang='lat' dir='ltr'>nomine</span> <span class='ocrx_word' id='word_1_59' title='bbox 1001 1527 1173 1614; x_wconf 82' lang='lat' dir='ltr'>gymno-</span> 
     </span>
     <span class='ocr_line' id='line_1_10' title="bbox 248 1617 1173 1733; baseline 0.001 -33"><span class='ocrx_word' id='word_1_60' title='bbox 248 1651 276 1701; x_wconf 85' lang='lat'>»</span> <span class='ocrx_word' id='word_1_61' title='bbox 307 1619 581 1733; x_wconf 83' lang='lat' dir='ltr'><strong>sophistarum</strong></span> <span class='ocrx_word' id='word_1_62' title='bbox 623 1619 745 1705; x_wconf 86' lang='lat' dir='ltr'>etiam</span> <span class='ocrx_word' id='word_1_63' title='bbox 794 1646 869 1732; x_wconf 84' lang='lat' dir='ltr'>per</span> <span class='ocrx_word' id='word_1_64' title='bbox 913 1617 1173 1701; x_wconf 86' lang='lat' dir='ltr'>clementiam</span> 
     </span>
     <span class='ocr_line' id='line_1_11' title="bbox 247 1738 1171 1853; baseline 0.002 -32"><span class='ocrx_word' id='word_1_65' title='bbox 247 1771 275 1821; x_wconf 85' lang='lat'>»</span> <span class='ocrx_word' id='word_1_66' title='bbox 291 1739 610 1852; x_wconf 71' lang='lat' dir='ltr'>=laudatioram:</span> <span class='ocrx_word' id='word_1_67' title='bbox 644 1738 796 1853; x_wconf 78' lang='lat' dir='ltr'>qnippe</span> <span class='ocrx_word' id='word_1_68' title='bbox 847 1766 950 1849; x_wconf 87' lang='lat' dir='ltr'>quos</span> <span class='ocrx_word' id='word_1_69' title='bbox 999 1738 1171 1822; x_wconf 84' lang='lat' dir='ltr'>siverim</span> 
     </span>
     <span class='ocr_line' id='line_1_12' title="bbox 171 1856 1171 1974; baseline -0.002 -34"><span class='ocrx_word' id='word_1_70' title='bbox 171 1859 173 1862; x_wconf 73' lang='grc'><strong>’</strong></span> <span class='ocrx_word' id='word_1_71' title='bbox 246 1889 273 1940; x_wconf 81' lang='grc'>&gt;)</span> <span class='ocrx_word' id='word_1_72' title='bbox 307 1884 425 1974; x_wconf 81' lang='lat' dir='ltr'>mage</span> <span class='ocrx_word' id='word_1_73' title='bbox 438 1877 472 1938; x_wconf 72' lang='grc' dir='ltr'>υ)</span> <span class='ocrx_word' id='word_1_74' title='bbox 490 1887 584 1942; x_wconf 90' lang='lat' dir='ltr'>cum</span> <span class='ocrx_word' id='word_1_75' title='bbox 604 1886 708 1971; x_wconf 87' lang='lat' dir='ltr'>pace</span> <span class='ocrx_word' id='word_1_76' title='bbox 729 1887 777 1941; x_wconf 89' lang='lat' dir='ltr'>ac</span> <span class='ocrx_word' id='word_1_77' title='bbox 799 1856 882 1942; x_wconf 85' lang='lat' dir='ltr'>suis</span> <span class='ocrx_word' id='word_1_78' title='bbox 901 1857 1061 1970; x_wconf 81' lang='lat' dir='ltr'>legibus</span> <span class='ocrx_word' id='word_1_79' title='bbox 1081 1887 1171 1939; x_wconf 92' lang='lat' dir='ltr'>mo-</span> 
     </span>
     <span class='ocr_line' id='line_1_13' title="bbox 247 1976 1172 2080; baseline 0.003 -21"><span class='ocrx_word' id='word_1_80' title='bbox 247 1979 499 2080; x_wconf 69' lang='lat' dir='ltr'>»risusque</span> <span class='ocrx_word' id='word_1_81' title='bbox 540 1977 790 2064; x_wconf 85' lang='lat' dir='ltr'>donaverim.</span> <span class='ocrx_word' id='word_1_82' title='bbox 829 1977 953 2079; x_wconf 86' lang='lat' dir='ltr'><strong>Quod</strong></span> <span class='ocrx_word' id='word_1_83' title='bbox 981 1976 1018 2059; x_wconf 86' lang='lat' dir='ltr'>si</span> <span class='ocrx_word' id='word_1_84' title='bbox 1050 1977 1172 2062; x_wconf 79' lang='lat' dir='ltr'>vobis</span> 
     </span>
     <span class='ocr_line' id='line_1_14' title="bbox 246 2095 1173 2212; baseline -0.001 -34"><span class='ocrx_word' id='word_1_85' title='bbox 246 2127 273 2178; x_wconf 81' lang='lat'>&gt;›</span> <span class='ocrx_word' id='word_1_86' title='bbox 303 2099 414 2181; x_wconf 87' lang='lat' dir='ltr'>haud</span> <span class='ocrx_word' id='word_1_87' title='bbox 427 2097 629 2211; x_wconf 88' lang='lat' dir='ltr'>displicet,</span> <span class='ocrx_word' id='word_1_88' title='bbox 643 2098 816 2212; x_wconf 86' lang='lat' dir='ltr'>accipite</span> <span class='ocrx_word' id='word_1_89' title='bbox 826 2125 902 2180; x_wconf 89' lang='lat' dir='ltr'>nos</span> <span class='ocrx_word' id='word_1_90' title='bbox 914 2095 995 2184; x_wconf 75' lang='lat' dir='ltr'>ists</span> <span class='ocrx_word' id='word_1_91' title='bbox 1005 2097 1173 2180; x_wconf 84' lang='lat' dir='ltr'>venien-</span> 
     </span>
     <span class='ocr_line' id='line_1_15' title="bbox 245 2214 1214 2328; baseline 0 -29"><span class='ocrx_word' id='word_1_92' title='bbox 245 2249 273 2299; x_wconf 75' lang='lat' dir='ltr'>a</span> <span class='ocrx_word' id='word_1_93' title='bbox 303 2240 392 2316; x_wconf 83' lang='lat' dir='ltr'>tes,</span> <span class='ocrx_word' id='word_1_94' title='bbox 422 2239 490 2315; x_wconf 83' lang='lat' dir='ltr'>et,</span> <span class='ocrx_word' id='word_1_95' title='bbox 523 2219 636 2328; x_wconf 90' lang='lat' dir='ltr'><strong>quod</strong></span> <span class='ocrx_word' id='word_1_96' title='bbox 667 2239 730 2302; x_wconf 88' lang='lat' dir='ltr'>est</span> <span class='ocrx_word' id='word_1_97' title='bbox 759 2214 961 2300; x_wconf 80' lang='lat' dir='ltr'>amicitiae</span> <span class='ocrx_word' id='word_1_98' title='bbox 990 2244 1171 2316; x_wconf 88' lang='lat' dir='ltr'>munus,</span> <span class='ocrx_word' id='word_1_99' title='bbox 1209 2253 1214 2260; x_wconf 47' lang='lat'>¹</span> 
     </span>
     <span class='ocr_line' id='line_1_16' title="bbox 245 2333 1171 2452; baseline 0.001 -35"><span class='ocrx_word' id='word_1_100' title='bbox 245 2369 273 2418; x_wconf 76' lang='lat' dir='ltr'>n</span> <span class='ocrx_word' id='word_1_101' title='bbox 303 2338 394 2424; x_wconf 84' lang='lat' dir='ltr'>Diis</span> <span class='ocrx_word' id='word_1_102' title='bbox 407 2334 636 2423; x_wconf 84' lang='lat' dir='ltr'>sacrificate</span> <span class='ocrx_word' id='word_1_103' title='bbox 656 2367 734 2452; x_wconf 89' lang='lat' dir='ltr'>pro</span> <span class='ocrx_word' id='word_1_104' title='bbox 749 2335 870 2421; x_wconf 88' lang='lat' dir='ltr'>nobis</span> <span class='ocrx_word' id='word_1_105' title='bbox 892 2335 1003 2420; x_wconf 89' lang='lat' dir='ltr'>:iam</span> <span class='ocrx_word' id='word_1_106' title='bbox 1017 2333 1171 2450; x_wconf 84' lang='lat' dir='ltr'>quippe</span> 
     </span>
     <span class='ocr_line' id='line_1_17' title="bbox 242 2455 1171 2544; baseline 0.003 -7"><span class='ocrx_word' id='word_1_107' title='bbox 242 2489 270 2537; x_wconf 87' lang='lat'>»</span> <span class='ocrx_word' id='word_1_108' title='bbox 301 2456 419 2544; x_wconf 86' lang='lat' dir='ltr'>vobis</span> <span class='ocrx_word' id='word_1_109' title='bbox 439 2457 654 2542; x_wconf 87' lang='lat' dir='ltr'>aderimus.</span> <span class='ocrx_word' id='word_1_110' title='bbox 685 2460 739 2542; x_wconf 84' lang='lat' dir='ltr'>At</span> <span class='ocrx_word' id='word_1_111' title='bbox 762 2485 838 2543; x_wconf 87' lang='lat' dir='ltr'>vos</span> <span class='ocrx_word' id='word_1_112' title='bbox 856 2455 979 2540; x_wconf 84' lang='lat' dir='ltr'>velim</span> <span class='ocrx_word' id='word_1_113' title='bbox 1001 2456 1171 2540; x_wconf 88' lang='lat' dir='ltr'>obviare</span> 
     </span>
     <span class='ocr_line' id='line_1_18' title="bbox 242 2575 1171 2690; baseline 0.002 -34"><span class='ocrx_word' id='word_1_114' title='bbox 242 2609 269 2657; x_wconf 88' lang='lat'>»</span> <span class='ocrx_word' id='word_1_115' title='bbox 300 2578 419 2661; x_wconf 92' lang='lat' dir='ltr'>nobis</span> <span class='ocrx_word' id='word_1_116' title='bbox 450 2577 588 2661; x_wconf 88' lang='lat' dir='ltr'>animo</span> <span class='ocrx_word' id='word_1_117' title='bbox 617 2598 832 2690; x_wconf 84' lang='lat' dir='ltr'>gratante,</span> <span class='ocrx_word' id='word_1_118' title='bbox 862 2603 958 2658; x_wconf 90' lang='lat' dir='ltr'>cum</span> <span class='ocrx_word' id='word_1_119' title='bbox 987 2578 1041 2659; x_wconf 91' lang='lat' dir='ltr'>ad</span> <span class='ocrx_word' id='word_1_120' title='bbox 1070 2575 1171 2658; x_wconf 87' lang='lat' dir='ltr'>ami-</span> 
     </span>
     <span class='ocr_line' id='line_1_19' title="bbox 240 2692 1170 2808; baseline 0.002 -32"><span class='ocrx_word' id='word_1_121' title='bbox 240 2727 268 2776; x_wconf 82' lang='lat'>»</span> <span class='ocrx_word' id='word_1_122' title='bbox 299 2696 436 2780; x_wconf 88' lang='lat' dir='ltr'>citiam</span> <span class='ocrx_word' id='word_1_123' title='bbox 478 2696 558 2779; x_wconf 87' lang='lat' dir='ltr'>iter</span> <span class='ocrx_word' id='word_1_124' title='bbox 597 2695 707 2782; x_wconf 85' lang='lat' dir='ltr'>istud</span> <span class='ocrx_word' id='word_1_125' title='bbox 737 2724 823 2780; x_wconf 91' lang='lat' dir='ltr'>non</span> <span class='ocrx_word' id='word_1_126' title='bbox 852 2697 906 2778; x_wconf 87' lang='lat' dir='ltr'>ad</span> <span class='ocrx_word' id='word_1_127' title='bbox 939 2692 1170 2808; x_wconf 88' lang='lat' dir='ltr'>periculum</span> 
     </span>
     <span class='ocr_line' id='line_1_20' title="bbox 241 2815 631 2902; baseline 0.003 -5"><span class='ocrx_word' id='word_1_128' title='bbox 241 2849 268 2898; x_wconf 73' lang='lat' dir='ltr'>&gt;r</span> <span class='ocrx_word' id='word_1_129' title='bbox 298 2816 351 2901; x_wconf 85' lang='lat' dir='ltr'>sit</span> <span class='ocrx_word' id='word_1_130' title='bbox 379 2815 562 2902; x_wconf 84' lang='lat' dir='ltr'>futurum</span> <span class='ocrx_word' id='word_1_131' title='bbox 590 2849 631 2898; x_wconf 78' lang='lat' dir='ltr'>n.</span> 
     </span>
     <span class='ocr_line' id='line_1_21' title="bbox 73 2934 1167 3045; baseline -0.001 -29"><span class='ocrx_word' id='word_1_132' title='bbox 73 2973 224 3018; x_wconf 65' lang='lat' dir='ltr'>mom</span> <span class='ocrx_word' id='word_1_133' title='bbox 244 2973 248 2980; x_wconf 92' lang='lat'>·</span> <span class='ocrx_word' id='word_1_134' title='bbox 298 2937 424 3020; x_wconf 75' lang='lat' dir='ltr'>Lxx:</span> <span class='ocrx_word' id='word_1_135' title='bbox 444 2936 510 3020; x_wconf 88' lang='lat' dir='ltr'>Ad</span> <span class='ocrx_word' id='word_1_136' title='bbox 528 2937 633 3019; x_wconf 89' lang='lat' dir='ltr'>haec</span> <span class='ocrx_word' id='word_1_137' title='bbox 652 2938 879 3020; x_wconf 81' lang='lat' dir='ltr'>Amazones</span> <span class='ocrx_word' id='word_1_138' title='bbox 902 2934 1167 3045; x_wconf 86' lang='lat' dir='ltr'>respondere.</span> 
     </span>
     <span class='ocr_line' id='line_1_22' title="bbox 43 3051 1168 3146; baseline -0.002 -8"><span class='ocrx_word' id='word_1_139' title='bbox 43 3053 206 3100; x_wconf 51' lang='lat' dir='ltr'>”mm</span> <span class='ocrx_word' id='word_1_140' title='bbox 242 3087 270 3138; x_wconf 72' lang='grc' dir='ltr'>(ι</span> <span class='ocrx_word' id='word_1_141' title='bbox 298 3057 377 3140; x_wconf 82' lang='lat' dir='ltr'>Vel</span> <span class='ocrx_word' id='word_1_142' title='bbox 404 3053 579 3140; x_wconf 85' lang='lat' dir='ltr'>fiduciae</span> <span class='ocrx_word' id='word_1_143' title='bbox 610 3083 757 3140; x_wconf 88' lang='lat' dir='ltr'>munus</span> <span class='ocrx_word' id='word_1_144' title='bbox 790 3074 852 3138; x_wconf 88' lang='lat' dir='ltr'>est</span> <span class='ocrx_word' id='word_1_145' title='bbox 879 3055 946 3137; x_wconf 81' lang='lat' dir='ltr'>rel</span> <span class='ocrx_word' id='word_1_146' title='bbox 969 3051 1168 3146; x_wconf 85' lang='lat' dir='ltr'>libertatis</span> 
     </span>
    </p>
   </div>
   <div class='ocr_carea' id='block_1_3' title="bbox 273 3281 1026 3347">
    <p class='ocr_par' dir='ltr' id='par_1_3' title="bbox 273 3281 1026 3347">
     <span class='ocr_line' id='line_1_23' title="bbox 273 3281 1026 3347; baseline -0.003 -16"><span class='ocrx_word' id='word_1_147' title='bbox 273 3289 308 3342; x_wconf 77' lang='grc' dir='ltr'>(ι)</span> <span class='ocrx_word' id='word_1_148' title='bbox 325 3285 363 3331; x_wconf 75' lang='lat' dir='ltr'>lta</span> <span class='ocrx_word' id='word_1_149' title='bbox 379 3283 432 3330; x_wconf 75' lang='lat' dir='ltr'>aad.</span> <span class='ocrx_word' id='word_1_150' title='bbox 453 3281 487 3340; x_wconf 70' lang='lat' dir='ltr'>(l)</span> <span class='ocrx_word' id='word_1_151' title='bbox 503 3283 539 3328; x_wconf 75' lang='lat' dir='ltr'>tt·</span> <span class='ocrx_word' id='word_1_152' title='bbox 556 3283 609 3328; x_wconf 77' lang='lat' dir='ltr'>eod.</span> <span class='ocrx_word' id='word_1_153' title='bbox 630 3285 673 3330; x_wconf 77' lang='lat' dir='ltr'>aed</span> <span class='ocrx_word' id='word_1_154' title='bbox 689 3283 789 3332; x_wconf 75' lang='lat' dir='ltr'>sortem</span> <span class='ocrx_word' id='word_1_155' title='bbox 807 3284 935 3332; x_wconf 69' lang='lat' dir='ltr'>dte-adm</span> <span class='ocrx_word' id='word_1_156' title='bbox 952 3298 1026 3347; x_wconf 66' lang='lat' dir='ltr'>agere.</span> 
     </span>
    </p>
   </div>
   <div class='ocr_carea' id='block_1_4' title="bbox 233 3485 1175 3852">
    <p class='ocr_par' dir='ltr' id='par_1_4' title="bbox 233 3485 1175 3852">
     <span class='ocr_line' id='line_1_24' title="bbox 233 3485 1175 3641; baseline -0.004 -23"><span class='ocrx_word' id='word_1_157' title='bbox 233 3485 661 3628; x_wconf 60' lang='lat' dir='ltr'>tttffl&#39;tttni‘?</span> <span class='ocrx_word' id='word_1_158' title='bbox 677 3489 1099 3641; x_wconf 46' lang='lat'>1135233‘55‘322035</span> <span class='ocrx_word' id='word_1_159' title='bbox 1098 3499 1175 3629; x_wconf 71' lang='lat'>5⁸¹⁴:</span> 
     </span>
     <span class='ocr_line' id='line_1_25' title="bbox 237 3635 1167 3716; baseline -0.012 -16"><span class='ocrx_word' id='word_1_160' title='bbox 237 3641 422 3716; x_wconf 62' lang='lat' dir='ltr'>Lysimachea</span> <span class='ocrx_word' id='word_1_161' title='bbox 439 3637 616 3696; x_wconf 64' lang='lat' dir='ltr'>atridem</span> <span class='ocrx_word' id='word_1_162' title='bbox 635 3638 760 3706; x_wconf 51' lang='lat' dir='ltr'>dhisse,</span> <span class='ocrx_word' id='word_1_163' title='bbox 785 3637 835 3694; x_wconf 76' lang='lat' dir='ltr'>Ubi</span> <span class='ocrx_word' id='word_1_164' title='bbox 855 3657 913 3696; x_wconf 76' lang='lat' dir='ltr'>om</span> <span class='ocrx_word' id='word_1_165' title='bbox 932 3653 998 3696; x_wconf 79' lang='lat' dir='ltr'>tunc</span> <span class='ocrx_word' id='word_1_166' title='bbox 1017 3657 1065 3712; x_wconf 76' lang='lat' dir='ltr'>ego</span> <span class='ocrx_word' id='word_1_167' title='bbox 1077 3635 1167 3714; x_wconf 47' lang='lat' dir='ltr'>erana?</span> 
     </span>
     <span class='ocr_line' id='line_1_26' title="bbox 238 3713 1170 3790; baseline 0.001 -20"><span class='ocrx_word' id='word_1_168' title='bbox 238 3715 373 3789; x_wconf 78' lang='lat' dir='ltr'>Denique</span> <span class='ocrx_word' id='word_1_169' title='bbox 400 3717 509 3772; x_wconf 67' lang='lat' dir='ltr'>Auctor</span> <span class='ocrx_word' id='word_1_170' title='bbox 541 3717 690 3772; x_wconf 77' lang='lat' dir='ltr'>Itinerarii</span> <span class='ocrx_word' id='word_1_171' title='bbox 711 3735 777 3787; x_wconf 73' lang='lat' dir='ltr'>cap.</span> <span class='ocrx_word' id='word_1_172' title='bbox 803 3729 883 3770; x_wconf 79' lang='lat' dir='ltr'>xovt.</span> <span class='ocrx_word' id='word_1_173' title='bbox 902 3716 1031 3790; x_wconf 65' lang='lat' dir='ltr'>cognitu</span> <span class='ocrx_word' id='word_1_174' title='bbox 1049 3713 1170 3786; x_wconf 69' lang='lat' dir='ltr'>quiden</span> 
     </span>
     <span class='ocr_line' id='line_1_27' title="bbox 239 3791 907 3852; baseline -0.001 -4"><span class='ocrx_word' id='word_1_175' title='bbox 239 3794 280 3848; x_wconf 68' lang='lat' dir='ltr'>eit</span> <span class='ocrx_word' id='word_1_176' title='bbox 299 3795 454 3852; x_wconf 64' lang='lat' dir='ltr'>munau</span> <span class='ocrx_word' id='word_1_177' title='bbox 474 3794 637 3851; x_wconf 70' lang='lat' dir='ltr'>Alexandro</span> <span class='ocrx_word' id='word_1_178' title='bbox 656 3793 709 3850; x_wconf 61' lang='lat' dir='ltr'>aad</span> <span class='ocrx_word' id='word_1_179' title='bbox 727 3813 785 3850; x_wconf 81' lang='lat' dir='ltr'>non</span> <span class='ocrx_word' id='word_1_180' title='bbox 804 3791 907 3849; x_wconf 71' lang='lat' dir='ltr'>aditae.</span> 
     </span>
    </p>
   </div>
   <div class='ocr_carea' id='block_1_5' title="bbox 0 0 1560 4934">
    <p class='ocr_par' dir='ltr' id='par_1_5' title="bbox 0 0 1560 4934">
     <span class='ocr_line' id='line_1_28' title="bbox 0 0 1560 4934; baseline 0 4"><span class='ocrx_word' id='word_1_181' title='bbox 0 0 1560 4934; x_wconf 95' lang='lat' dir='ltr'> </span> 
     </span>
    </p>
   </div>
  </div>
 </body>
</html>
