<?xml version="1.0" encoding="UTF-8"?>
<!DOCTYPE html PUBLIC "-//W3C//DTD XHTML 1.0 Transitional//EN"
    "http://www.w3.org/TR/xhtml1/DTD/xhtml1-transitional.dtd">
<html xmlns="http://www.w3.org/1999/xhtml" xml:lang="en" lang="en">
 <head>
  <title>
</title>
<meta http-equiv="Content-Type" content="text/html;charset=utf-8" />
  <meta name='ocr-system' content='tesseract 3.04.00' />
  <meta name='ocr-capabilities' content='ocr_page ocr_carea ocr_par ocr_line ocrx_word'/>
</head>
<body>
  <div class='ocr_page' id='page_1' title='image "./itinerariumalex00unkngoog/itinerariumalex00unkngoog_0274.png"; bbox 0 0 3109 4934; ppageno 0'>
   <div class='ocr_carea' id='block_1_1' title="bbox 396 529 1080 626">
    <p class='ocr_par' dir='ltr' id='par_1_1' title="bbox 396 529 1080 626">
     <span class='ocr_line' id='line_1_1' title="bbox 396 529 1080 626; baseline -0.006 -20"><span class='ocrx_word' id='word_1_1' title='bbox 396 558 459 626; x_wconf 77' lang='lat'><strong>¹40</strong></span> <span class='ocrx_word' id='word_1_2' title='bbox 636 529 896 602; x_wconf 73' lang='lat' dir='ltr'><strong>aLExauuaa</strong></span> <span class='ocrx_word' id='word_1_3' title='bbox 921 529 1080 604; x_wconf 78' lang='lat' dir='ltr'><strong>oal&#39;rvs</strong></span> 
     </span>
    </p>
   </div>
   <div class='ocr_carea' id='block_1_2' title="bbox 244 652 1318 3426">
    <p class='ocr_par' dir='ltr' id='par_1_2' title="bbox 388 652 1318 1025">
     <span class='ocr_line' id='line_1_2' title="bbox 388 652 1316 794; baseline -0.004 -25"><span class='ocrx_word' id='word_1_4' title='bbox 388 717 417 770; x_wconf 87' lang='grc' dir='ltr'><strong>ιι</strong></span> <span class='ocrx_word' id='word_1_5' title='bbox 447 679 611 767; x_wconf 90' lang='lat' dir='ltr'><strong>irritum</strong></span> <span class='ocrx_word' id='word_1_6' title='bbox 653 691 975 794; x_wconf 85' lang='lat' dir='ltr'><strong>superatumque</strong></span> <span class='ocrx_word' id='word_1_7' title='bbox 1009 652 1114 764; x_wconf 81' lang='lat' dir='ltr'><strong>irinc</strong></span> <span class='ocrx_word' id='word_1_8' title='bbox 1149 676 1316 766; x_wconf 83' lang='lat' dir='ltr'><strong>ludim</strong></span> 
     </span>
     <span class='ocr_line' id='line_1_3' title="bbox 390 791 827 916; baseline -0.009 -29"><span class='ocrx_word' id='word_1_9' title='bbox 390 837 418 888; x_wconf 80' lang='grc' dir='ltr'><strong>ιι</strong></span> <span class='ocrx_word' id='word_1_10' title='bbox 447 791 588 916; x_wconf 78' lang='lat' dir='ltr'><strong>fugam</strong></span> <span class='ocrx_word' id='word_1_11' title='bbox 617 799 827 886; x_wconf 76' lang='lat' dir='ltr'><strong>verterint</strong></span> 
     </span>
     <span class='ocr_line' id='line_1_4' title="bbox 448 919 1318 1025; baseline -0.001 -20"><span class='ocrx_word' id='word_1_12' title='bbox 448 921 500 1006; x_wconf 91' lang='lat' dir='ltr'><strong>V.</strong></span> <span class='ocrx_word' id='word_1_13' title='bbox 532 955 559 1004; x_wconf 85' lang='grc' dir='ltr'><strong>ιι</strong></span> <span class='ocrx_word' id='word_1_14' title='bbox 572 920 714 1025; x_wconf 84' lang='lat' dir='ltr'><strong>Quare</strong></span> <span class='ocrx_word' id='word_1_15' title='bbox 733 947 820 1003; x_wconf 84' lang='lat' dir='ltr'><strong>non</strong></span> <span class='ocrx_word' id='word_1_16' title='bbox 837 919 962 1002; x_wconf 86' lang='lat' dir='ltr'><strong>modo</strong></span> <span class='ocrx_word' id='word_1_17' title='bbox 977 922 1152 1018; x_wconf 85' lang='lat' dir='ltr'><strong>suadeo,</strong></span> <span class='ocrx_word' id='word_1_18' title='bbox 1172 948 1318 1004; x_wconf 89' lang='lat' dir='ltr'><strong>verum</strong></span> 
     </span>
    </p>

    <p class='ocr_par' dir='ltr' id='par_1_3' title="bbox 384 1039 1316 2947">
     <span class='ocr_line' id='line_1_5' title="bbox 390 1039 1316 1156; baseline -0.008 -27"><span class='ocrx_word' id='word_1_19' title='bbox 390 1077 418 1129; x_wconf 84' lang='lat' dir='ltr'><strong>u</strong></span> <span class='ocrx_word' id='word_1_20' title='bbox 448 1041 574 1125; x_wconf 89' lang='lat' dir='ltr'><strong>iubeo</strong></span> <span class='ocrx_word' id='word_1_21' title='bbox 603 1069 769 1156; x_wconf 86' lang='lat' dir='ltr'><strong>quoque</strong></span> <span class='ocrx_word' id='word_1_22' title='bbox 800 1039 915 1122; x_wconf 88' lang='lat' dir='ltr'><strong>abire</strong></span> <span class='ocrx_word' id='word_1_23' title='bbox 943 1057 985 1121; x_wconf 91' lang='lat' dir='ltr'><strong>te</strong></span> <span class='ocrx_word' id='word_1_24' title='bbox 1016 1042 1115 1124; x_wconf 86' lang='lat' dir='ltr'><strong>hinc</strong></span> <span class='ocrx_word' id='word_1_25' title='bbox 1145 1039 1199 1123; x_wconf 89' lang='lat' dir='ltr'><strong>ad</strong></span> <span class='ocrx_word' id='word_1_26' title='bbox 1225 1061 1316 1122; x_wconf 85' lang='lat' dir='ltr'><strong>tuas</strong></span> 
     </span>
     <span class='ocr_line' id='line_1_6' title="bbox 387 1157 1316 1248; baseline -0.009 0"><span class='ocrx_word' id='word_1_27' title='bbox 387 1195 416 1248; x_wconf 87' lang='grc' dir='ltr'><strong>ιι</strong></span> <span class='ocrx_word' id='word_1_28' title='bbox 451 1159 651 1244; x_wconf 79' lang='lat' dir='ltr'><strong>Graecias</strong></span> <span class='ocrx_word' id='word_1_29' title='bbox 687 1179 725 1240; x_wconf 79' lang='grc' dir='ltr'><strong>(ιι</strong></span> <span class='ocrx_word' id='word_1_30' title='bbox 787 1177 1027 1242; x_wconf 88' lang='lat' dir='ltr'><strong>contentum</strong></span> <span class='ocrx_word' id='word_1_31' title='bbox 1066 1157 1189 1243; x_wconf 91' lang='lat' dir='ltr'><strong>Darii</strong></span> <span class='ocrx_word' id='word_1_32' title='bbox 1233 1157 1316 1242; x_wconf 86' lang='lat' dir='ltr'><strong>for-</strong></span> 
     </span>
     <span class='ocr_line' id='line_1_7' title="bbox 387 1275 1314 1393; baseline -0.008 -26"><span class='ocrx_word' id='word_1_33' title='bbox 387 1313 414 1368; x_wconf 86' lang='lat'>»</span> <span class='ocrx_word' id='word_1_34' title='bbox 448 1299 548 1362; x_wconf 90' lang='lat' dir='ltr'><strong>tuna</strong></span> <span class='ocrx_word' id='word_1_35' title='bbox 579 1299 621 1362; x_wconf 92' lang='lat' dir='ltr'><strong>et</strong></span> <span class='ocrx_word' id='word_1_36' title='bbox 649 1275 819 1393; x_wconf 86' lang='lat' dir='ltr'><strong>paribus</strong></span> <span class='ocrx_word' id='word_1_37' title='bbox 849 1276 1043 1392; x_wconf 82' lang='lat' dir='ltr'><strong>gentibus</strong></span> <span class='ocrx_word' id='word_1_38' title='bbox 1072 1279 1314 1390; x_wconf 84' lang='lat' dir='ltr'><strong>viribusque</strong></span> 
     </span>
     <span class='ocr_line' id='line_1_8' title="bbox 388 1396 1314 1512; baseline -0.005 -27"><span class='ocrx_word' id='word_1_39' title='bbox 388 1435 417 1486; x_wconf 87' lang='grc' dir='ltr'><strong>ιι</strong></span> <span class='ocrx_word' id='word_1_40' title='bbox 449 1400 502 1483; x_wconf 89' lang='lat' dir='ltr'><strong>ad</strong></span> <span class='ocrx_word' id='word_1_41' title='bbox 534 1396 647 1482; x_wconf 88' lang='lat' dir='ltr'><strong>illam</strong></span> <span class='ocrx_word' id='word_1_42' title='bbox 676 1397 805 1482; x_wconf 88' lang='lat' dir='ltr'><strong>vestri</strong></span> <span class='ocrx_word' id='word_1_43' title='bbox 835 1397 1014 1482; x_wconf 86' lang='lat' dir='ltr'><strong>nominis</strong></span> <span class='ocrx_word' id='word_1_44' title='bbox 1055 1397 1314 1512; x_wconf 76' lang='lat' dir='ltr'><strong>mediocrita-</strong></span> 
     </span>
     <span class='ocr_line' id='line_1_9' title="bbox 387 1515 1309 1630; baseline -0.004 -25"><span class='ocrx_word' id='word_1_45' title='bbox 387 1555 416 1605; x_wconf 89' lang='grc' dir='ltr'><strong>ιι</strong></span> <span class='ocrx_word' id='word_1_46' title='bbox 447 1539 542 1603; x_wconf 88' lang='lat' dir='ltr'><strong>tem.</strong></span> <span class='ocrx_word' id='word_1_47' title='bbox 581 1518 729 1630; x_wconf 85' lang='lat' dir='ltr'><strong>Neque</strong></span> <span class='ocrx_word' id='word_1_48' title='bbox 760 1515 873 1600; x_wconf 84' lang='lat' dir='ltr'><strong>enim</strong></span> <span class='ocrx_word' id='word_1_49' title='bbox 903 1516 940 1600; x_wconf 89' lang='lat' dir='ltr'><strong>si</strong></span> <span class='ocrx_word' id='word_1_50' title='bbox 968 1517 1092 1601; x_wconf 89' lang='lat' dir='ltr'><strong>uobis</strong></span> <span class='ocrx_word' id='word_1_51' title='bbox 1131 1517 1309 1602; x_wconf 83' lang='lat' dir='ltr'><strong>Graecia</strong></span> 
     </span>
     <span class='ocr_line' id='line_1_10' title="bbox 384 1634 1308 1752; baseline -0.005 -27"><span class='ocrx_word' id='word_1_52' title='bbox 384 1675 414 1726; x_wconf 90' lang='grc' dir='ltr'><strong>ιι</strong></span> <span class='ocrx_word' id='word_1_53' title='bbox 445 1659 582 1724; x_wconf 87' lang='lat' dir='ltr'><strong>vestra</strong></span> <span class='ocrx_word' id='word_1_54' title='bbox 613 1663 716 1752; x_wconf 87' lang='lat' dir='ltr'><strong>opus</strong></span> <span class='ocrx_word' id='word_1_55' title='bbox 746 1634 888 1734; x_wconf 86' lang='lat' dir='ltr'><strong>foret,</strong></span> <span class='ocrx_word' id='word_1_56' title='bbox 916 1665 1003 1720; x_wconf 86' lang='lat' dir='ltr'><strong>nou</strong></span> <span class='ocrx_word' id='word_1_57' title='bbox 1047 1637 1147 1721; x_wconf 87' lang='lat' dir='ltr'><strong>olim</strong></span> <span class='ocrx_word' id='word_1_58' title='bbox 1188 1659 1308 1750; x_wconf 81' lang='lat' dir='ltr'><strong>atque</strong></span> 
     </span>
     <span class='ocr_line' id='line_1_11' title="bbox 387 1757 1312 1860; baseline 0 -16"><span class='ocrx_word' id='word_1_59' title='bbox 387 1795 415 1848; x_wconf 86' lang='grc' dir='ltr'><strong>ιι</strong></span> <span class='ocrx_word' id='word_1_60' title='bbox 447 1777 541 1842; x_wconf 89' lang='lat' dir='ltr'><strong>ante</strong></span> <span class='ocrx_word' id='word_1_61' title='bbox 570 1757 735 1840; x_wconf 85' lang='lat' dir='ltr'><strong>Xerxae</strong></span> <span class='ocrx_word' id='word_1_62' title='bbox 783 1777 955 1840; x_wconf 88' lang='lat' dir='ltr'><strong>conatus</strong></span> <span class='ocrx_word' id='word_1_63' title='bbox 997 1757 1169 1842; x_wconf 87' lang='lat' dir='ltr'><strong>subacta</strong></span> <span class='ocrx_word' id='word_1_64' title='bbox 1189 1757 1312 1860; x_wconf 71' lang='lat' dir='ltr'><strong>indis</strong></span> 
     </span>
     <span class='ocr_line' id='line_1_12' title="bbox 386 1874 1307 1989; baseline -0.002 -25"><span class='ocrx_word' id='word_1_65' title='bbox 386 1913 414 1964; x_wconf 83' lang='grc' dir='ltr'><strong>ιι</strong></span> <span class='ocrx_word' id='word_1_66' title='bbox 447 1874 565 1960; x_wconf 77' lang='lat' dir='ltr'><strong>sorec</strong></span> <span class='ocrx_word' id='word_1_67' title='bbox 626 1874 848 1960; x_wconf 84' lang='lat' dir='ltr'><strong>Enimvero</strong></span> <span class='ocrx_word' id='word_1_68' title='bbox 896 1875 1093 1989; x_wconf 88' lang='lat' dir='ltr'><strong>quoniam</strong></span> <span class='ocrx_word' id='word_1_69' title='bbox 1156 1877 1307 1962; x_wconf 88' lang='lat' dir='ltr'><strong>inutilis</strong></span> 
     </span>
     <span class='ocr_line' id='line_1_13' title="bbox 388 1995 1307 2111; baseline 0 -31"><span class='ocrx_word' id='word_1_70' title='bbox 388 2033 414 2082; x_wconf 86' lang='grc' dir='ltr'><strong>ιι</strong></span> <span class='ocrx_word' id='word_1_71' title='bbox 446 1995 565 2080; x_wconf 91' lang='lat' dir='ltr'><strong>nobis</strong></span> <span class='ocrx_word' id='word_1_72' title='bbox 596 2015 690 2096; x_wconf 89' lang='lat' dir='ltr'><strong>est,</strong></span> <span class='ocrx_word' id='word_1_73' title='bbox 740 1995 926 2107; x_wconf 85' lang='lat' dir='ltr'><strong>nihilque</strong></span> <span class='ocrx_word' id='word_1_74' title='bbox 956 1995 1129 2109; x_wconf 82' lang='lat' dir='ltr'><strong>dignum</strong></span> <span class='ocrx_word' id='word_1_75' title='bbox 1158 1996 1307 2111; x_wconf 85' lang='lat' dir='ltr'><strong>opibus</strong></span> 
     </span>
     <span class='ocr_line' id='line_1_14' title="bbox 388 2113 1312 2216; baseline -0.004 -15"><span class='ocrx_word' id='word_1_76' title='bbox 388 2149 416 2201; x_wconf 88' lang='grc' dir='ltr'><strong>ιι</strong></span> <span class='ocrx_word' id='word_1_77' title='bbox 446 2113 597 2200; x_wconf 89' lang='lat' dir='ltr'><strong>nostris</strong></span> <span class='ocrx_word' id='word_1_78' title='bbox 627 2134 698 2199; x_wconf 87' lang='lat' dir='ltr'><strong>aut</strong></span> <span class='ocrx_word' id='word_1_79' title='bbox 728 2114 1044 2200; x_wconf 79' lang='lat' dir='ltr'><strong>amoenitatibus</strong></span> <span class='ocrx_word' id='word_1_80' title='bbox 1063 2116 1221 2216; x_wconf 87' lang='lat' dir='ltr'><strong>habet,</strong></span> <span class='ocrx_word' id='word_1_81' title='bbox 1240 2145 1312 2198; x_wconf 91' lang='lat' dir='ltr'><strong>ue·</strong></span> 
     </span>
     <span class='ocr_line' id='line_1_15' title="bbox 386 2233 1312 2350; baseline -0.001 -30"><span class='ocrx_word' id='word_1_82' title='bbox 386 2270 415 2320; x_wconf 83' lang='grc' dir='ltr'><strong>ιι</strong></span> <span class='ocrx_word' id='word_1_83' title='bbox 447 2263 528 2350; x_wconf 88' lang='lat' dir='ltr'><strong>que</strong></span> <span class='ocrx_word' id='word_1_84' title='bbox 560 2233 745 2348; x_wconf 87' lang='lat' dir='ltr'><strong>quaesita</strong></span> <span class='ocrx_word' id='word_1_85' title='bbox 777 2255 841 2318; x_wconf 88' lang='lat' dir='ltr'><strong>est</strong></span> <span class='ocrx_word' id='word_1_86' title='bbox 854 2263 992 2348; x_wconf 87' lang='lat' dir='ltr'><strong>neque</strong></span> <span class='ocrx_word' id='word_1_87' title='bbox 1022 2255 1249 2350; x_wconf 82' lang='lat' dir='ltr'><strong>quaeretur</strong></span> <span class='ocrx_word' id='word_1_88' title='bbox 1267 2253 1312 2319; x_wconf 68' lang='grc' dir='ltr'><strong>(ιι</strong></span> 
     </span>
     <span class='ocr_line' id='line_1_16' title="bbox 387 2355 1315 2442; baseline 0.003 -4"><span class='ocrx_word' id='word_1_89' title='bbox 387 2389 415 2438; x_wconf 82' lang='grc' dir='ltr'><strong>ιι</strong></span> <span class='ocrx_word' id='word_1_90' title='bbox 445 2357 485 2438; x_wconf 85' lang='grc' dir='ltr'><strong>Ιι</strong></span> <span class='ocrx_word' id='word_1_91' title='bbox 532 2355 645 2438; x_wconf 89' lang='lat' dir='ltr'><strong>euim</strong></span> <span class='ocrx_word' id='word_1_92' title='bbox 692 2355 860 2439; x_wconf 88' lang='lat' dir='ltr'><strong>demum</strong></span> <span class='ocrx_word' id='word_1_93' title='bbox 909 2356 1029 2441; x_wconf 86' lang='lat' dir='ltr'><strong>labor</strong></span> <span class='ocrx_word' id='word_1_94' title='bbox 1077 2357 1219 2442; x_wconf 86' lang='lat' dir='ltr'><strong>suavis</strong></span> <span class='ocrx_word' id='word_1_95' title='bbox 1254 2376 1315 2441; x_wconf 86' lang='lat' dir='ltr'><strong>eat</strong></span> 
     </span>
     <span class='ocr_line' id='line_1_17' title="bbox 386 2473 1315 2609; baseline 0.002 -53"><span class='ocrx_word' id='word_1_96' title='bbox 386 2506 415 2556; x_wconf 83' lang='grc' dir='ltr'><strong>ιι</strong></span> <span class='ocrx_word' id='word_1_97' title='bbox 444 2473 776 2588; x_wconf 87' lang='lat' dir='ltr'><strong>proeliantibus,</strong></span> <span class='ocrx_word' id='word_1_98' title='bbox 808 2503 859 2557; x_wconf 86' lang='lat' dir='ltr'><strong>er</strong></span> <span class='ocrx_word' id='word_1_99' title='bbox 853 2501 959 2609; x_wconf 30' lang='lat' dir='ltr'><strong>&#39;quc</strong></span> <span class='ocrx_word' id='word_1_100' title='bbox 990 2474 1064 2559; x_wconf 87' lang='lat' dir='ltr'><strong>sit</strong></span> <span class='ocrx_word' id='word_1_101' title='bbox 1072 2475 1199 2560; x_wconf 86' lang='lat' dir='ltr'><strong>etiam</strong></span> <span class='ocrx_word' id='word_1_102' title='bbox 1227 2475 1315 2559; x_wconf 86' lang='lat' dir='ltr'><strong>ido-</strong></span> 
     </span>
     <span class='ocr_line' id='line_1_18' title="bbox 385 2592 1316 2708; baseline 0.002 -30"><span class='ocrx_word' id='word_1_103' title='bbox 385 2626 413 2678; x_wconf 90' lang='grc' dir='ltr'><strong>ιι</strong></span> <span class='ocrx_word' id='word_1_104' title='bbox 448 2619 529 2678; x_wconf 90' lang='lat' dir='ltr'><strong>nea</strong></span> <span class='ocrx_word' id='word_1_105' title='bbox 567 2620 664 2708; x_wconf 86' lang='lat' dir='ltr'><strong>spes</strong></span> <span class='ocrx_word' id='word_1_106' title='bbox 704 2592 996 2706; x_wconf 88' lang='lat' dir='ltr'><strong>praemiorum.</strong></span> <span class='ocrx_word' id='word_1_107' title='bbox 1051 2595 1202 2708; x_wconf 86' lang='lat' dir='ltr'><strong>Neque</strong></span> <span class='ocrx_word' id='word_1_108' title='bbox 1253 2615 1316 2680; x_wconf 88' lang='lat' dir='ltr'><strong>est</strong></span> 
     </span>
     <span class='ocr_line' id='line_1_19' title="bbox 388 2711 1316 2828; baseline 0 -34"><span class='ocrx_word' id='word_1_109' title='bbox 388 2747 415 2794; x_wconf 84' lang='grc' dir='ltr'><strong>ιι</strong></span> <span class='ocrx_word' id='word_1_110' title='bbox 445 2731 672 2813; x_wconf 83' lang='lat' dir='ltr'><strong>nostrum,</strong></span> <span class='ocrx_word' id='word_1_111' title='bbox 706 2711 752 2796; x_wconf 89' lang='lat' dir='ltr'><strong>in</strong></span> <span class='ocrx_word' id='word_1_112' title='bbox 792 2741 946 2827; x_wconf 85' lang='lat' dir='ltr'><strong>magno</strong></span> <span class='ocrx_word' id='word_1_113' title='bbox 993 2734 1143 2797; x_wconf 87' lang='lat' dir='ltr'><strong>conatu</strong></span> <span class='ocrx_word' id='word_1_114' title='bbox 1188 2714 1316 2828; x_wconf 77' lang='lat' dir='ltr'><strong>digne</strong></span> 
     </span>
     <span class='ocr_line' id='line_1_20' title="bbox 385 2831 1316 2947; baseline 0 -31"><span class='ocrx_word' id='word_1_115' title='bbox 385 2864 412 2916; x_wconf 88' lang='grc' dir='ltr'><strong>ιι</strong></span> <span class='ocrx_word' id='word_1_116' title='bbox 446 2857 598 2947; x_wconf 87' lang='lat' dir='ltr'><strong>operae</strong></span> <span class='ocrx_word' id='word_1_117' title='bbox 619 2847 653 2913; x_wconf 74' lang='lat' dir='ltr'><strong>a)</strong></span> <span class='ocrx_word' id='word_1_118' title='bbox 683 2831 826 2947; x_wconf 89' lang='lat' dir='ltr'><strong>precio</strong></span> <span class='ocrx_word' id='word_1_119' title='bbox 869 2831 1063 2918; x_wconf 81' lang='lat' dir='ltr'><strong>caruisse.</strong></span> <span class='ocrx_word' id='word_1_120' title='bbox 1096 2836 1237 2940; x_wconf 88' lang='lat' dir='ltr'><strong>Quare</strong></span> <span class='ocrx_word' id='word_1_121' title='bbox 1270 2832 1316 2916; x_wconf 86' lang='lat' dir='ltr'><strong>id</strong></span> 
     </span>
    </p>

    <p class='ocr_par' dir='ltr' id='par_1_4' title="bbox 265 2944 1315 3308">
     <span class='ocr_line' id='line_1_21' title="bbox 265 2944 1315 3067; baseline -0.002 -31"><span class='ocrx_word' id='word_1_122' title='bbox 265 2976 274 3000; x_wconf 80' lang='lat'><strong><em>‘</em></strong></span> <span class='ocrx_word' id='word_1_123' title='bbox 385 2984 413 3036; x_wconf 89' lang='grc' dir='ltr'><strong>ιι</strong></span> <span class='ocrx_word' id='word_1_124' title='bbox 447 2951 603 3037; x_wconf 87' lang='lat' dir='ltr'><strong>tertio</strong></span> <span class='ocrx_word' id='word_1_125' title='bbox 600 2952 706 3037; x_wconf 90' lang='lat' dir='ltr'><strong>iam</strong></span> <span class='ocrx_word' id='word_1_126' title='bbox 760 2944 963 3067; x_wconf 85' lang='lat' dir='ltr'><strong>praedico</strong></span> <span class='ocrx_word' id='word_1_127' title='bbox 1012 2982 1062 3037; x_wconf 92' lang='lat' dir='ltr'><strong>ac</strong></span> <span class='ocrx_word' id='word_1_128' title='bbox 1116 2953 1315 3038; x_wconf 84' lang='lat' dir='ltr'><strong>denuntio</strong></span> 
     </span>
     <span class='ocr_line' id='line_1_22' title="bbox 388 3068 1312 3188; baseline 0.005 -34"><span class='ocrx_word' id='word_1_129' title='bbox 388 3105 420 3154; x_wconf 81' lang='grc' dir='ltr'><strong>ιι</strong></span> <span class='ocrx_word' id='word_1_130' title='bbox 446 3072 524 3158; x_wconf 91' lang='lat' dir='ltr'><strong>tibi</strong></span> <span class='ocrx_word' id='word_1_131' title='bbox 554 3073 615 3157; x_wconf 89' lang='lat' dir='ltr'><strong>uti</strong></span> <span class='ocrx_word' id='word_1_132' title='bbox 645 3068 826 3157; x_wconf 83' lang='lat' dir='ltr'><strong>facessas</strong></span> <span class='ocrx_word' id='word_1_133' title='bbox 861 3102 914 3156; x_wconf 85' lang='lat' dir='ltr'><strong>ex</strong></span> <span class='ocrx_word' id='word_1_134' title='bbox 943 3071 1009 3158; x_wconf 87' lang='lat' dir='ltr'><strong>his</strong></span> <span class='ocrx_word' id='word_1_135' title='bbox 1037 3073 1312 3188; x_wconf 86' lang='lat' dir='ltr'><strong>quibuaim·</strong></span> 
     </span>
     <span class='ocr_line' id='line_1_23' title="bbox 386 3193 933 3308; baseline -0.002 -34"><span class='ocrx_word' id='word_1_136' title='bbox 386 3223 415 3274; x_wconf 88' lang='grc' dir='ltr'><strong>ιι</strong></span> <span class='ocrx_word' id='word_1_137' title='bbox 444 3220 592 3306; x_wconf 89' lang='lat' dir='ltr'><strong>perare</strong></span> <span class='ocrx_word' id='word_1_138' title='bbox 621 3221 707 3278; x_wconf 87' lang='lat' dir='ltr'><strong>non</strong></span> <span class='ocrx_word' id='word_1_139' title='bbox 736 3193 873 3308; x_wconf 83' lang='lat' dir='ltr'><strong>possis</strong></span> <span class='ocrx_word' id='word_1_140' title='bbox 895 3225 933 3276; x_wconf 86' lang='grc' dir='ltr'><strong>ι).</strong></span> 
     </span>
    </p>

    <p class='ocr_par' dir='ltr' id='par_1_5' title="bbox 244 3311 1315 3426">
     <span class='ocr_line' id='line_1_24' title="bbox 244 3311 1315 3426; baseline 0 -30"><span class='ocrx_word' id='word_1_141' title='bbox 244 3327 317 3374; x_wconf 67' lang='lat' dir='ltr'><strong>aa„</strong></span> <span class='ocrx_word' id='word_1_142' title='bbox 319 3325 409 3373; x_wconf 70' lang='lat'>‘¹¹¹-</span> <span class='ocrx_word' id='word_1_143' title='bbox 433 3311 510 3396; x_wconf 89' lang='lat' dir='ltr'><strong>VI.</strong></span> <span class='ocrx_word' id='word_1_144' title='bbox 539 3311 617 3396; x_wconf 93' lang='lat' dir='ltr'><strong>His</strong></span> <span class='ocrx_word' id='word_1_145' title='bbox 664 3312 813 3397; x_wconf 87' lang='lat' dir='ltr'><strong>litteris</strong></span> <span class='ocrx_word' id='word_1_146' title='bbox 845 3313 1037 3426; x_wconf 84' lang='lat' dir='ltr'><strong>publice</strong></span> <span class='ocrx_word' id='word_1_147' title='bbox 1083 3311 1267 3396; x_wconf 84' lang='lat' dir='ltr'><strong>recitatis</strong></span> <span class='ocrx_word' id='word_1_148' title='bbox 1299 3373 1315 3413; x_wconf 89' lang='lat'>,</span> 
     </span>
    </p>
   </div>
   <div class='ocr_carea' id='block_1_3' title="bbox 202 3394 1315 3547">
    <p class='ocr_par' dir='ltr' id='par_1_6' title="bbox 202 3394 1315 3547">
     <span class='ocr_line' id='line_1_25' title="bbox 202 3394 1315 3547; baseline 0.005 -39.011"><span class='ocrx_word' id='word_1_149' title='bbox 202 3396 280 3510; x_wconf 62' lang='lat' dir='ltr'><strong>iiiii</strong></span> <span class='ocrx_word' id='word_1_150' title='bbox 280 3394 616 3514; x_wconf 67' lang='lat' dir='ltr'><strong>3¹⁸⁰“A1exander</strong></span> <span class='ocrx_word' id='word_1_151' title='bbox 662 3431 729 3514; x_wconf 82' lang='lat' dir='ltr'><strong>ait.</strong></span> <span class='ocrx_word' id='word_1_152' title='bbox 780 3464 807 3513; x_wconf 89' lang='lat'>«</span> <span class='ocrx_word' id='word_1_153' title='bbox 840 3431 965 3516; x_wconf 92' lang='lat' dir='ltr'><strong>Nunc</strong></span> <span class='ocrx_word' id='word_1_154' title='bbox 1020 3461 1188 3547; x_wconf 88' lang='lat' dir='ltr'><strong>quoque</strong></span> <span class='ocrx_word' id='word_1_155' title='bbox 1238 3461 1315 3516; x_wconf 87' lang='lat' dir='ltr'><strong>vos</strong></span> 
     </span>
    </p>
   </div>
   <div class='ocr_carea' id='block_1_4' title="bbox 416 3645 911 3710">
    <p class='ocr_par' dir='ltr' id='par_1_7' title="bbox 416 3645 911 3710">
     <span class='ocr_line' id='line_1_26' title="bbox 416 3645 911 3710; baseline 0.006 -19"><span class='ocrx_word' id='word_1_156' title='bbox 416 3645 651 3710; x_wconf 62' lang='lat' dir='ltr'><strong>(amnesque</strong></span> <span class='ocrx_word' id='word_1_157' title='bbox 638 3647 911 3710; x_wconf 43' lang='lat' dir='ltr'><strong>momorum.</strong></span> 
     </span>
    </p>
   </div>
   <div class='ocr_carea' id='block_1_5' title="bbox 424 3817 932 3892">
    <p class='ocr_par' dir='ltr' id='par_1_8' title="bbox 424 3817 932 3892">
     <span class='ocr_line' id='line_1_27' title="bbox 424 3817 932 3892; baseline 0.01 -19"><span class='ocrx_word' id='word_1_158' title='bbox 424 3823 465 3892; x_wconf 83' lang='grc' dir='ltr'><strong>(ι)</strong></span> <span class='ocrx_word' id='word_1_159' title='bbox 481 3817 591 3874; x_wconf 60' lang='grc' dir='ltr'><strong>ΥΟιιιιιιι</strong></span> <span class='ocrx_word' id='word_1_160' title='bbox 612 3817 747 3876; x_wconf 81' lang='lat' dir='ltr'><strong>itinerar.</strong></span> <span class='ocrx_word' id='word_1_161' title='bbox 768 3836 833 3892; x_wconf 80' lang='lat' dir='ltr'><strong>cap.</strong></span> <span class='ocrx_word' id='word_1_162' title='bbox 853 3833 932 3879; x_wconf 78' lang='lat' dir='ltr'><strong>xcvr.</strong></span> 
     </span>
    </p>
   </div>
   <div class='ocr_carea' id='block_1_6' title="bbox 0 0 1560 4934">
    <p class='ocr_par' dir='ltr' id='par_1_9' title="bbox 0 0 1560 4934">
     <span class='ocr_line' id='line_1_28' title="bbox 0 0 1560 4934; baseline 0 0"><span class='ocrx_word' id='word_1_163' title='bbox 0 0 1560 4934; x_wconf 95' lang='lat' dir='ltr'><strong> </strong></span> 
     </span>
    </p>
   </div>
  </div>
 </body>
</html>
