3109 4934
443 703 471 754 ι)
501 667 642 756 matris
671 695 805 766 meae,
835 665 991 778 quique
1025 665 1072 748 hi
1107 659 1266 748 fueruit
1300 695 1375 750 eos

443 825 471 876 ι)
501 821 568 882 me
607 787 803 874 sublimes
832 815 881 870 ac
911 783 1144 869 notissimos
1180 785 1375 870 omnibus

442 937 471 996 r
502 907 754 994 effecturum
782 909 931 1046 iisque
955 905 1068 988 euim
1086 933 1173 993 uon
1192 907 1376 990 maximo

442 1063 471 1112 ιι
501 1028 617 1146 digni
636 1029 824 1165 praemio
842 1027 915 1141 qui
933 1027 1025 1110 eius
1051 1025 1226 1109 consilia
1252 1055 1378 1138 prae·

441 1148 740 1247 averterint,
783 1148 856 1261 qui
885 1167 921 1221 t>
950 1173 1092 1229 rursus
1133 1145 1291 1229 bellum
1330 1151 1377 1231 et'

448 521 511 590 130
697 513 958 588 strxsttnsl
982 513 1123 588 ΛΟΜ

441 1301 469 1384 ι)
503 1297 612 1354 nova
647 1267 753 1352 mihi
787 1266 946 1380 proelia
975 1265 1310 1350 meditabatur»

286 1429 428 1476 1...er
502 1387 627 1475 XLII.
669 1387 746 1468 Ad
771 1389 854 1470 hoc
891 1384 1076 1469 edictum
1110 1385 1375 1500 multisqui·

275 1495 430 1626 {affl
447 1511 543 1594 dem
585 1511 685 1594 fletu
727 1536 795 1591 res
837 1505 964 1619 digna
1009 1503 1373 1591 videmussed

443 1631 555 1718 enim
584 1629 711 1712 Besas
743 1647 786 1711 et
826 1624 1132 1712 Ariobarzanes
1183 1645 1372 1711 auctores
1439 1669 1449 1700 ι

443 1749 605 1838 scilicet
654 1746 795 1832 caedis
833 1745 957 1829 Darii
998 1745 1234 1829 Alexandro
1281 1776 1370 1831 sese
1505 1840 1506 1847 Ν

443 1869 602 1955 obvios·
620 1860 776 1966 ierunt,
798 1885 840 1948 et
860 1861 1038 1977 professi
1065 1861 1227 1948 facinus
1247 1893 1371 1979 spou-

445 1987 606 2074 sionem
635 1985 812 2101 praemii
845 2005 1051 2098 repetunt.
1098 1987 1218 2068 Tunc
1260 1985 1373 2071 viros

442 2105 631 2222 protinus
662 2105 962 2222 comprehendi
990 2125 1033 2187 et
1075 2133 1202 2218 quam
1232 2105 1372 2190 editis·
1505 2162 1506 2165 ι

444 2227 548 2340 timo
579 2225 623 2310 iu
650 2226 744 2312 loco
775 2223 890 2308 cruci
916 2221 1069 2340 subfugi
1086 2224 1214 2308 iubet
1248 2225 1374 2329 Quod
1505 2242 1506 2251 '

445 2375 539 2432 cum
574 2367 750 2459 praeter
799 2373 919 2458 spem
970 2343 1211 2429 hominibus
1264 2345 1374 2429 acci·

443 2465 603 2564 disset,
644 2464 844 2582 patefecit
883 2464 1107 2589 exdignum
1136 2479 1171 2538 ι’)
1202 2495 1248 2557 se
1296 2495 1370 2548 suo

442 2585 611 2672 nomine
654 2585 942 2684 existimasse,
991 2577 1130 2698 siquid
1173 2585 1227 2668 de
1254 2585 1373 2699 regia

441 2705 634 2790 libertate
664 2705 936 2804 subtraxerit,
964 2705 1065 2789 dum
1084 2703 1215 2790 Dario
1246 2706 1373 2790 modo

441 2825 544 2910 uitio
573 2825 716 2914 debita
735 2845 1041 2938 procuraretur.
1062 2825 1212 2938 Neque
1232 2845 1372 2911 tamen

442 2945 558 3030 hisce
588 2945 690 3060 ipsis
721 2944 774 3029 de
803 2944 990 3059 periurio
1018 2973 1064 3029 se
1094 2973 1214 3029 reum
1253 2943 1371 3045 fore,
1505 3040 1506 3057 Ν

442 3094 537 3150 cum
568 3065 763 3151 sublimes
796 3095 868 3150 eos
915 3063 1237 3178 notissimosque
1281 3093 1369 3148 om·

440 3185 563 3270 nibus
593 3185 681 3270 fore
713 3185 850 3270 edicto
868 3185 1131 3300 promiserit,
1153 3211 1258 3297 quos
1278 3184 1369 3297 qui·
1505 3234 1506 3243 ι

422 3303 539 3388 'dem
569 3301 687 3390 facile
718 3306 772 3390 sit
799 3306 943 3392 visere'
966 3303 1013 3388 in
1054 3302 1125 3387 illo
1171 3323 1369 3421 suggestu

444 3423 639 3508 crucibus
671 3421 882 3510 adfixos¹
857 3443 908 3506 ιι.)
944 3425 1063 3509 Tunc
1091 3424 1286 3514 omnibus
1329 3441 1371 3504 et

444 3602 764 3733 “idiomati
659 3604 825 3660 mutto-e
771 3605 1263 3672 ιιιιὰιὶιίιιιίιῆιιδὶιὶίμι,
1289 3607 1371 3677 vesp!
1482 3617 1486 3625 ·

480 3819 584 3891 (oco
586 3821 721 3876 ιιιίιιιῐιι
723 3821 860 3878 ἰιίιιΙιίι
812 3841 895 3880 mous
927 3825 1007 3898 opud
1036 3824 1210 3882 Prsoutoan
1241 3824 1275 3882 de
1304 3823 1370 3882 tato
1505 3802 1506 3873 ζ

434 3901 530 3976 porti.
547 3913 576 3972 p.
595 3896 679 3956 3ιὸ-
687 3897 751 3973 327.
