3109 4934
423 523 487 596 124
672 503 927 576 ttsxtnnnt
950 503 1089 578 ACTVS

374 645 668 746 ·XXXVI.
689 652 770 737 Sed
785 653 838 736 ad
855 653 958 736 hsec
974 651 1126 739 Darius
1146 652 1340 791 exsangui

236 769 340 818 '‘m''
317 697 500 885 &mium
543 801 716 910 corpore
759 801 855 856 cum
888 801 992 857 voce
1026 772 1150 857 etiam
1180 776 1233 858 ad
1261 775 1342 887 pri·

377 900 532 978 *mum
560 894 760 1006 impetum
781 889 1046 990 deficeretur,
1074 921 1219 977 manns
1248 923 1342 1006 sup-

416 1013 546 1129 pliees
576 1012 746 1096 tendens
767 1012 1075 1122 adtrectansque
1094 1039 1229 1125 genua
1249 1013 1341 1098 Ale-

416 1130 564 1216 xandri
607 1131 839 1216 adsistentis
880 1151 922 1214 et
961 1129 1259 1244 circumplexus
1295 1151 1344 1212 ut

417 1271 599 1368 poterat,
617 1251 784 1334 tandem
801 1250 951 1334 talibus
968 1249 1160 1363 quuitur.
1189 1283 1217 1330 «
1228 1250 1341 1334 Licet

345 1382 348 1391 '
415 1399 446 1450 >s
477 1369 581 1454 mihi
609 1369 714 1468 iarn,
735 1369 965 1452 Alexander
992 1367 1345 1466 victoriosissime,

417 1518 444 1568 »
475 1487 520 1572 in
533 1489 610 1571 hac
623 1487 842 1573 constituto
854 1485 1016 1574 fortuna
1044 1489 1254 1573 liberalius
1266 1488 1339 1572 ali·.

415 1635 444 1688 n
478 1605 577 1721 quid
615 1635 737 1719 quam
767 1635 873 1720 qnae
901 1607 1001 1691 victi
1020 1625 1058 1686 ‹⁸›
1076 1630 1172 1692 sunt
1199 1609 1336 1722 loqui,

415 1755 444 1808 n
476 1727 599 1840 idque
620 1754 644 1808 a
664 1756 729 1811 me
750 1727 926 1810 amicum
945 1726 1020 1810 tibi
1037 1755 1121 1810 non
1138 1727 1338 1812 hosticum

416 1875 443 1926 n
476 1867 605 1960 putes.
652 1847 764 1931 Inter
793 1847 897 1930 haec
926 1845 1076 1928 blanda
1105 1849 1233 1930 verba
1281 1845 1339 1929 di·

418 1997 447 2048 »
478 1983 638 2076 sceptes
651 1983 696 2047 (α).
706 1967 944 2077 Numquam
956 1964 1081 2080 igitur
1091 1986 1131 2048 te
1146 1967 1252 2080 regii
1267 1993 1339 2048 no-

417 2115 445 2166 »
477 2083 599 2168 minis
630 2085 754 2170 decus
784 2085 918 2168 tollat:
952 2113 1030 2168 nec
1059 2081 1195 2198 siquid
1225 2085 1339 2168 blan·

416 2233 444 2286 »
477 2205 569 2288 dius
590 2203 755 2288 fortuna
773 2204 1010 2317 promiserit
1031 2221 1094 2302 (e),
1124 2203 1281 2288 ideireo
1300 2225 1339 2287 te
1361 2309 1370 2316 ἡ

416 2353 445 2402 »
478 2324 581 2408 caeli
611 2344 839 2440 competem
868 2326 1079 2426 arbitrare.
1122 2323 1338 2408 Enimvero

287 2543 290 2552 Δ
418 2473 446 2524 >r
478 2443 701 2528 consultius
730 2441 878 2528 futuris
906 2473 1030 2556 quarn
1058 2443 1339 2556 praesentibus

415 2591 443 2640 n
476 2565 676 2647 consules.
718 2564 835 2648 Nihil
876 2563 989 2648 enim
1031 2563 1202 2647 interest
1231 2563 1340 2676 quod

416 2711 444 2761 s
477 2680 679 2795 dispescat
719 2681 876 2796 regiam
905 2703 1089 2768 nostram
1124 2702 1168 2766 et
1208 2681 1340 2796 plebi·

417 2831 445 2882 n
477 2803 595 2886 culae
624 2800 875 2914 dignitatem.
904 2803 968 2884 En
991 2800 1067 2886 tibi
1084 2801 1154 2886 iile
1172 2802 1338 2901 Darius,

415 2949 444 3002 n
476 2923 584 3006 nosti
614 2921 765 3036 quippe
797 2921 868 3035 qui
896 2917 1046 3006 fuerim
1080 2921 1271 3008 dominus
1299 2939 1339 3004 et

369 3103 375 3115 ,
416 3071 444 3122 s>
476 3046 590 3127 Dens
630 3041 785 3126 seilicet
824 3040 994 3126 huiusce
1032 3043 1177 3127 mundi
1205 3041 1341 3126 existi·

417 3189 445 3256 .»
478 3181 634 3262 matus,
665 3181 710 3244 ut
739 3162 917 3246 flebilem
933 3181 1106 3245 mortem
1126 3183 1275 3277 oppeto
1295 3176 1340 3242 (θ.

416 3308 446 3360 a>
477 3281 558 3362 Sed
585 3283 718 3366 habeo
749 3280 884 3366 obitus
902 3281 1072 3366 huiusce
1101 3283 1257 3396 grande
1274 3307 1340 3364 so·

416 3425 444 3477 n
477 3398 646 3497 latium,
689 3401 802 3512 quod
829 3399 872 3482 in
902 3400 982 3484 tuis
1012 3399 1202 3484 manibus
1231 3401 1341 3482 hunc

418 3545 445 3596 »
478 3513 667 3630 spiritum
685 3516 767 3602 iam
787 3514 1005 3603 effundam.
1027 3521 1169 3624 Quare
1189 3547 1341 3632 quaeso

452 3731 615 3790 <astetens
675 3735 1302 3805 ,ιιαιὶαοαιιωᾱὶοαιαιιοααώρμαι
1287 3737 1343 3784 οι

419 3798 584 3866 (ἠῦοὼμο
559 3733 918 3869 αοααὶαἳῗα.<ἢοοά,φμαι
