3109 4934
422 501 489 572 rass
675 497 929 572 manunt
954 498 1094 574 ΛΟΜ

419 681 448 734 ιι
479 678 503 732 a
530 647 700 786 regione
726 649 797 734 vel
824 647 989 732 sedibus
1018 647 1103 734 suis
1133 647 1343 736 ιΙιειιιιιο

418 801 446 856 ιι
477 769 672 883 quopiam
727 771 991 905 probaturus
1024 797 1127 852 sum.
1177 769 1341 884 Quippe

418 919 446 970 ιι
475 891 625 1002 quibus
654 887 900 1000 patrimonia
928 887 1047 1001 priva
1075 889 1230 971 habere
1247 917 1341 1002 per

418 1039 447 1090 ιι
477 1007 683 1107 miserim,
714 1005 892 1120 exceptis
922 1035 1024 1092 auro
1044 1009 1199 1120 pariter
1217 1028 1258 1090 et
1274 1036 1343 1091 ar

419 1157 448 1208 ιι
478 1147 616 1242 ganto,
635 1154 740 1240 quae
755 1127 985 1212 communis
1006 1126 1076 1211 hie
1096 1155 1193 1210 usus
1212 1126 1344 1240 magis

421 1278 449 1327 ιι
479 1275 567 1330 esse
593 1245 708 1358 regia
750 1241 977 1329 confitetur.
1011 1246 1196 1358 Jieliqua
1241 1273 1342 1330 vero

415 1397 449 1450 ιι
479 1361 610 1448 omnis
638 1384 828 1462 moneta,
855 1393 1136 1478 quaecumque
1154 1383 1241 1464 est,
1269 1366 1342 1447 do·

419 1516 447 1568 ιι
476 1484 589 1570 mino
610 1483 876 1619 permittetur.
896 1483 1221 1570 armamentaria
1243 1512 1363 1568 saue,

419 1635 447 1686 ιι
476 1602 637 1720 privata
664 1601 700 1686 si
726 1602 771 1686 in
786 1631 905 1686 usum
924 1605 1137 1720 publicum
1154 1623 1341 1722 satrapae

418 1755 445 1806 ιι
478 1721 706 1808 necessaria
734 1721 934 1823 viderint,
964 1725 1029 1808 his
1059 1752 1226 1837 quoque
1271 1751 1341 1808 eos

416 1873 444 1926 ιι
476 1843 538 1927 uti
568 1861 758 1958 oportere
791 1844 996 1928 mandavi.
1046 1841 1223 1958 Agmina
1271 1873 1341 1958 pa

417 1963 577 2046 »riter
625 1960 915 2074 peregrinare,
963 1964 1089 2104 inque
1127 1985 1164 2039 ιι
1210 1962 1344 2046 aliena

417 2111 445 2164 ιι
474 2079 646 2196 mannire
665 2080 1017 2182 interdixerim
976 2111 1056 2166 msr
1046 2083 1183 2224 quod
1200 2083 1344 2167 tuendi

416 2231 445 2290 >²
473 2201 539 2288 sui
568 2187 698 2314 gratia
727 2229 857 2313 usque
886 2203 941 2286 ad
978 2201 1122 2287 decem
1141 2195 1343 2318 vigintive

415 2349 443 2402 ιι
473 2321 687 2406 hominum
736 2349 954 2404 numerum
1008 2350 1236 2436 congreges
1284 2321 1342 2405 fa·

416 2442 593 2528 »cient
624 2441 771 2524 Cetera
800 2440 1018 2523 multitudo
1058 2469 1136 2554 pro
1170 2441 1341 2527 rebella·
1448 2513 1455 2520 ,
1513 2420 1514 2435 ¹

417 2588 444 2638 ιι
474 2561 587 2644 tione
616 2578 659 2642 et
685 2558 846 2644 hostico
890 2561 1093 2672 punietur.

474 2679 559 2762 XL.
590 2711 617 2760 ιι
647 2679 973 2764 Mercaturarum
1017 2706 1212 2767 versurae
1255 2681 1338 2766 siut

413 2828 441 2879 ιι
474 2799 616 2883 itidem
635 2818 681 2882 ut
692 2802 767 2882 sub
788 2798 918 2884 Dario
929 2808 1208 2915 ‚pateantque
1225 2829 1336 2886 eom·

415 2949 443 2998 ιι
473 2919 627 3002 mercia
641 2917 708 3003 vel
728 2918 963 3004 Graeciam
982 2924 1145 3020 Persas,
1165 2922 1232 3006 vel
1243 2927 1337 3006 Per

414 3067 443 3117 ιι
472 3039 526 3124 sis
558 3037 754 3123 etiamad
783 3037 975 3124 Graecos.
1005 3039 1170 3153 Quippe
1198 3040 1337 3154 provi·

414 3185 443 3236 ιι
472 3189 564 3244 sum
585 3178 646 3242 est
665 3179 711 3240 ιιι
728 3186 805 3271 per
815 3179 998 3274 satrapas
1013 3161 1136 3243 etiam
1156 3158 1337 3244 dimensa

414 3305 442 3354 ιι
472 3277 601 3388 spatia
646 3276 737 3360 viae
775 3280 966 3392 publicae
1012 3299 1336 3364 consternantur.

413 3421 440 3474 ιι
473 3395 783 3508 Solempnitates
802 3389 920 3482 vobis
937 3417 978 3480 et
990 3399 1213 3484 certamina
1224 3427 1337 3514 gym-

413 3542 442 3592 ιι
472 3511 565 3598 nica
594 3537 742 3600 erunt:
773 3518 848 3601 sed
875 3516 988 3600 hisce
1007 3518 1197 3604 omnibus
1216 3547 1337 3635 prae-

414 3662 442 3711 ιι
472 3633 580 3718 sides
611 3635 707 3716 dedi
741 3665 794 3719 ex
822 3635 1071 3724 Alexandria
1100 3666 1193 3720 mea
1221 3639 1334 3723 viros

448 3871 484 3926 (a)
500 3869 560 3916 (lod.
578 3871 602 3916 ιἰι
617 3885 680 3936 μ,
