3109 4934
394 519 438 646 7'0
649 549 906 622 ιιιιιιιιιιιιι
930 547 1073 620 onrvs

387 727 540 814 corpus
584 715 752 782 manare
793 697 908 782 visua
952 723 1039 780 nou
1068 695 1158 782 sine
1189 698 1321 781 admi·

385 819 544 903 ratione
575 816 806 904 videntium
825 815 912 902 fuir
942 817 1081 900 Motus
1102 843 1203 932 ergo
1223 847 1322 932 por·

386 937 488 1022 tenti
509 939 690 1024 novitate
710 939 1030 1023 coniectatorem
1048 938 1117 1019 vel
1137 936 1320 1022 celebra·

386 1059 592 1144 tissimum
610 1057 912 1172 Melampodam
925 1094 961 1147 ιιι
970 1054 1199 1142 sciscitatur
1220 1059 1322 1169 quid

386 1179 552 1264 tandem
582 1178 652 1263 ille
681 1179 808 1263 s'udor
838 1178 919 1262 sibi
948 1177 1158 1260 simulacri
1187 1179 1321 1262 mina·

387 1298 531 1381 retur?
571 1299 678 1380 Tum
713 1299 816 1396 ille,
858 1297 996 1381 Sudor
1038 1324 1137 1378 sane
1179 1299 1323 1410 largus

386 1417 505 1500 labor
537 1416 700 1528 estqui
742 1418 823 1500 erit
857 1443 982 1528 quam
1021 1415 1323 1532 prolixissimus

387 1535 464 1622 tibi
508 1565 673 1650 quoque
704 1537 748 1620 in
780 1537 904 1620 rebus
945 1533 1259 1672 praesentibus,
1295 1565 1322 1618 ο

387 1685 487 1741 rex:
517 1655 673 1771 quippe
703 1655 887 1770 gentium
904 1655 1140 1772 peragratio
1161 1675 1203 1738 et
1223 1685 1323 1770 ope·

387 1805 482 1860 rum
512 1772 768 1860 difficultates
798 1797 882 1861 tete
901 1795 1085 1876 manent,
1115 1777 1229 1888 quod
1257 1774 1322 1860 illi

387 1923 553 2008 quoque
573 1896 745 2010 Orpheo
765 1893 870 1996 fuit,
899 1899 972 2010 qui
996 1923 1224 2012 peragrans
1253 1925 1325 1978 ur·

388 2016 461 2100 bes
508 2043 675 2152 graecm
718 2036 760 2100 et
800 2019 999 2102 barbaras
1044 2015 1097 2101 ad
1128 2011 1321 2100 favorem

387 2135 452 2219 sui
485 2133 643 2220 animos
675 2136 979 2221 admirantium
995 2134 1164 2219 flexerit

282 2289 328 2322 2·-
311 2292 372 2324 ··=
448 2256 590 2340 LVIII.
604 2255 728 2342 Hisce
750 2257 896 2343 auditis
915 2259 1147 2342 Alexander
1163 2255 1324 2340 honore

324 2361 511 2486 muquarm
552 2375 668 2492 largo
707 2376 1010 2491 Melampodam
1065 2396 1322 2476 muneratur,

390 2495 580 2606 eximque
599 2497 645 2580 in
666 2495 888 2612 Phrygiam
917 2498 1054 2597 venit,
1085 2514 1208 2607 atque
1237 2496 1322 2580 illic

386 2613 574 2698 Hectora
615 2615 899 2739 Achillemque
930 2646 1092 2755 unaque
1119 2617 1222 2700 alios
1251 2617 1324 2700 he-

386 2761 480 2819 roas
510 2735 666 2821 Divum
693 2730 855 2824 honore
885 2737 1114 2854 participat
1154 2737 1322 2820 Praeci-

384 2883 466 2966 pue
496 2875 635 2940 tamen
653 2855 848 2942 Achillen
877 2879 1139 2956 muneratur,
1170 2885 1220 2940 ac
1248 2885 1320 2940 ro·

384 2995 455 3090 gat
495 2978 556 3062 utl
589 2975 669 3061 sibi
705 2997 746 3060 et
784 2977 873 3094 ipse
916 2978 1075 3078 faveat,
1110 2998 1153 3060 et
1182 2978 1319 3077 dona,

381 3123 487 3206 quae
518 3094 674 3197 ferret,
716 3096 935 3213 dignanter
961 3097 1157 3181 admittar.
1200 3097 1318 3181 Haec

381 3215 494 3299 enim
530 3245 554 3298 a
584 3245 673 3300 sese
693 3247 778 3301 non
809 3237 856 3302 ut
875 3221 938 3302 ab
971 3236 1141 3300 externo
1170 3245 1220 3300 ac
1251 3215 1318 3300 su-

380 3333 641 3449 perstitioso,
673 3365 821 3421 verum
852 3358 899 3422 ut
928 3336 1235 3451 consanguineo
1266 3365 1315 3419 ac

379 3453 576 3567 religioso
607 3456 819 3540 dedicari:

417 3685 460 3750 (ι)
481 3680 563 3732 Alias
583 3680 743 3748 Melampus
766 3695 843 3733 vater
864 3684 996 3735 occurrii
1009 3683 1087 3753 apud
1100 3683 1260 3738 Diodorum
1273 3697 1312 3734 rr.

377 3753 424 3812 68.
439 3754 582 3810 Sedenim
600 3759 675 3825 apud
689 3757 846 3811 Art-lanum
865 3755 888 3808 1.
905 3771 949 3812 ιι.
969 3757 1155 3815 Plutarchum
1170 3775 1201 3832 p.
1214 3773 1261 3813 ar.
1282 3759 1315 3815 id

376 3833 541 3906 prodigium
562 3833 735 3888 edinerlrnr
755 3833 793 3886 ab
812 3834 986 3894 arianndro
1005 3853 1079 3893 rare.
