3109 4934
576 569 652 641 SEV
678 571 804 641 LIBER
827 573 871 644 ΙΙ.
1149 575 1195 669 89
1223 513 1228 523 ·

264 753 292 803 u
327 711 525 804 audierim
562 717 734 831 accipite
765 713 1031 808 sententiam·
1059 749 1198 810 meam

264 873 291 920 >2
324 867 409 923 non
436 841 662 923 verborum
702 838 861 921 scilicet
897 836 1058 951 agmine
1104 839 1193 953 glo·

264 989 291 1038 u
324 959 497 1042 riuntem
530 957 688 1072 (quod
719 977 754 1032 ‹⁰›
785 957 993 1041 decentius
1024 955 1195 1046 fieretu

262 1109 291 1158 u
320 1079 582 1193 potentiore)
612 1101 760 1160 verum
799 1075 860 1160 uti
896 1076 1058 1177 sciatis,
1094 1078 1195 1161 boni

263 1228 290 1276 u
319 1227 394 1282 vos
425 1195 718 1295 consulturos,
748 1195 784 1279 si
811 1196 1043 1311 praeceptis
1079 1209 1195 1282 man-'-

259 1347 286 1396 »
319 1317 505 1431 datisque
560 1316 710 1399 nostris
768 1314 966 1400 libentem
1023 1346 1193 1431 operum

257 1465 286 1516 >r
319 1435 598 1522 commodetis.
628 1425 710 1519 Aut
738 1434 849 1520 enim
878 1435 1066 1522 meliores
1101 1446 1204 1524 esse'

245 1586 285 1656 ¹>r
320 1577 512 1671 oportet,
560 1575 630 1640 aut
675 1555 913 1642 melioribus
955 1545 1190 1670 obsequen-

258 1705 287 1754 »
317 1695 448 1760 testu.
477 1678 511 1759 Ε
540 1706 624 1789 qua
654 1703 700 1760 re
729 1674 841 1759 mille
869 1685 1008 1762 annua
1036 1677 1191 1764 talentu

258 1824 285 1874 u
320 1796 496 1912 dependi
510 1796 611 1881 mihi
624 1800 675 1882 ab
687 1795 1002 1882 Atheniensibus
1020 1795 1187 1881 iubeo».

128 1970 244 2018 utut.
320 1917 387 2000 VI.
412 1918 481 2000 'Ad
511 1917 614 2000 haec
644 1915 704 2000 illi
731 1915 964 2000 rescribunt
978 1928 997 2000 :¹
1029 1947 1057 1998 tt
1086 1918 1189 2013 „Non

67 2041 181 2154 Ὗ·
201 2055 244 2086 ⁰¹¹·
260 2069 287 2118 »
317 2066 393 2121 nos
424 2031 644 2134 diffitemur
672 2055 714 2120 et
739 2033 870 2150 putris
897 2036 959 2121 tui
1000 2037 1086 2122 vitu
1118 2037 1191 2122 diu

260 2191 286 2240 >›
319 2153 521 2257 offensos,
567 2179 609 2242 et
643 2157 730 2242 eius
761 2175 893 2240 morte
925 2155 1088 2271 gavisos
1119 2185 1185 2242 es·

258 2312 285 2359 u
315 2307 365 2380 se
388 2299 456 2377 tu,
498 2278 610 2389 quod
638 2277 750 2362 idem
780 2277 865 2360 iam
894 2275 1103 2390 coepimus
1133 2277 1186 2364 de

258 2432 285 2478 »
314 2419 355 2480 te
390 2427 553 2510 quoque
582 2397 707 2496 velle,
737 2395 898 2484 iuvenis
927 2397 1189 2482 inconsultis·

259 2551 288 2599 u
321 2518 442 2617 sime,
459 2548 553 2603 cum
565 2517 640 2602 tibi
659 2519 756 2630 [ab]
773 2516 1092 2602 Atheniensibus
1113 2519 1187 2602 de-

256 2671 283 2718 »
316 2639 532 2752 pendenda
557 2637 668 2722 mille
699 2641 851 2724 talenta
867 2636 1097 2752 scripseris,
1122 2639 1186 2724 uti

255 2791 283 2840 »
314 2757 469 2842 scilicet
496 2759 603 2844 inter
631 2788 706 2851 uus
735 2755 986 2874 principium
1005 2757 1186 2841 bellandi

254 2911 281 2960 u
311 2897 478 2992 pareres
498 2899 542 2963 ut.
579 2880 703 2984 Quod
724 2879 759 2964 si
779 2877 855 2984 tibi
873 2897 984 2960 tunta
1000 2897 1063 2962 est
1081 2904 1182 2961 cuu-

253 3031 281 3082 s>
312 2996 478 3083 fidentia
498 2998 807 3114 ‚paratioribus
829 2997 1062 3082 occursubis
1083 3026 1123 3078 u.

106 3158 179 3203 um
180 3157 237 3206 ...ι
311 3119 402 3206 VII
433 3118 511 3204 His
540 3117 731 3206 rescribit
752 3116 1020 3205 Alexander
1008 3146 1052 3198 ru
1080 3117 1184 3202 baec

65 3241 142 3273 '''''
143 3239 219 3286 ''m''
252 3245 401 3328 verba:
420 3271 448 3322 <c
470 3241 558 3322 Iam
577 3239 743 3353 quidem
762 3236 954 3322 miseram
982 3238 1182 3334 Leontum

253 3395 281 3441 >›
312 3359 469 3474 quivos
482 3356 798 3474 excisoslinguis
813 3355 955 3442 ulcisci
965 3357 1180 3443 vecordiae

271 3561 274 3568 Ι
300 3595 336 3648 (ι)
354 3591 415 3638 cos.
432 3587 478 3638 ud.
497 3591 578 3648 (mn
594 3591 649 3637 cod.
665 3605 723 3638 ιοι
739 3592 829 3639 fretun
840 3607 943 3655 putrer.

1023 3721 1174 3740 ιιι-,αη-

289 3784 332 3850 (1)
350 3781 454 3836 Eadem
474 3782 613 3837 sententis
631 3799 674 3838 ert
692 3783 744 3840 tib.
764 3785 789 3839 1.
809 3805 873 3858 cap.
886 3801 957 3844 xvir.

246 3929 250 3936 ι
290 3864 331 3930 (u)
352 3859 495 3918 Consonat
511 3857 657 3917 Diodorus
677 3875 750 3918 xvxi.
771 3859 798 3918 3.
