3109 4934
556 508 559 516 ,
583 441 662 516 aaa
685 439 814 514 LlBER
836 439 865 510 l.
923 468 928 506 ·.
1143 439 1191 515 55

133 609 139 618 ’
262 623 290 676 ct
320 555 617 678 OMacedones
632 591 776 692 nostri,
793 589 895 703 quid
907 589 1074 675 tandem
1086 584 1188 673 'adeo

260 748 288 797 »
319 709 441 797 dictis'
468 709 694 796 barbaricis
724 709 1053 824 perturbemini?
1082 733 1189 822 quae

258 867 285 922 a
318 829 575 948 arrogantiae
615 829 785 944 quidem
812 831 1086 943 vanitatisque
1113 830 1188 912 ha-

239 981 287 1038 x>r
317 957 417 1038 bent
446 949 753 1053 testimonium,
790 949 1063 1036 confidentiae
1090 977 1192 1032 vero

102 2904 242 2951 Alexander

65 3039 175 3087 territae

258 1106 285 1156 u
319 1091 463 1158 carent
491 1069 748 1186 probatione.
794 1074 904 1158 Nam
944 1089 985 1155 et
1019 1066 1191 1156 canibus

261 1227 288 1276 a
317 1190 644 1279 inbecillioribus
691 1219 782 1278 mos
824 1214 886 1278 est
914 1208 1070 1304 quanto
1098 1189 1192 1301 plus

259 1347 285 1396 »
320 1312 497 1398 defuerit
526 1311 703 1413 virium,
733 1332 847 1398 tanto
877 1310 1018 1397 cristas
1043 1335 1193 1398 acuere

259 1433 534 1544 »sublimius
566 1455 608 1517 et
641 1431 857 1519 latratibus
899 1429 1193 1516 irritatioribus

261 1587 289 1636 u
319 1553 544 1668 indulgere.
575 1557 689 1640 Haec
720 1551 824 1637 mihi
856 1549 946 1638 visa
987 1572 1051 1636 est
1091 1578 1192 1634 con·

260 1707 287 1756 a
319 1675 524 1789 petentior
553 1677 606 1759 ad
635 1671 757 1764 Darii
796 1670 1036 1758 acanum
1079 1701 1193 1756 com-

260 1825 286 1875 »
319 1795 506 1908 paratio:
537 1797 650 1909 quod
679 1815 890 1910 praestaro
918 1791 1077 1878 viribus
1107 1821 1193 1875 nou

262 1947 290 1996 >r
321 1935 480 2028 potest,
522 1915 663 2002 verbis
691 1915 890 2029 indulget
930 1913 1019 2030 Ego
1056 1932 1195 1996 tamen

259 2065 287 2116 a
319 2064 422 2121 aveo
444 2059 480 2114 ‹e›
510 2057 657 2122 cuncta
677 2035 854 2152 proinde
875 2065 899 2118 a
917 2030 1036 2120 vobis
1054 2030 1193 2118 existi·

259 2186 286 2238 >r
321 2157 426 2241 mari
462 2178 509 2241 ut
549 2154 690 2246 verbis
733 2155 856 2242 etiam
897 2149 1191 2268 exprimuntur.

258 2307 285 2358 a
319 2279 430 2362 Malo
462 2278 582 2362 enim‘
602 2289 677 2362 no's
707 2295 1086 2395 praesuspectantes
1122 2271 1196 2356 ali·

258 2428 285 2476 »
313 2397 421 2509 quid
451 2395 717 2500 difficultatis,
738 2396 885 2486 animis
906 2391 1051 2480 lortius
1070 2420 1192 2508 prae·

259 2547 289 2596 n
319 2515 473 2630 paratis
512 2516 558 2600 in
599 2546 689 2602 rem
727 2519 917 2603 bellicam
955 2517 1107 2599 vadere
1132 2511 1199 2612 or,

259 2665 287 2716 r>
320 2665 445 2748 qnam
474 2634 625 2722 fiducia
646 2639 827 2724 hostium
844 2634 1080 2744 molliorum
1100 2630 1196 2718 ino-
1285 2655 1289 2662 ·

259 2785 286 2836 u
316 2755 478 2870 pinetae
508 2753 719 2844 offendere
749 2753 1005 2842 difficultates
1035 2789 1076 2840 >a

317 2877 462 2962 XLIV.
492 2877 545 2960 Et
572 2877 647 2960 ubi
674 2878 781 2962 haec
824 2877 933 2962 dieta
976 2892 1074 2962 sunt
1104 2898 1197 2958 cor·

63 2973 137 3018 Darii
149 2974 243 3036 legatos
290 2993 298 3010 ·
334 2995 342 3011 ·

265 3023 346 3109 npr
376 2995 651 3082 internuntios
668 2997 786 3084 iubet
810 2995 1084 3108 crucibusque
1113 2990 1198 3078 suf·

263 3113 347 3231 figi„
380 3116 510 3200 Cuius
540 3115 736 3230 supplicii
754 3115 901 3223 merite
928 3144 1024 3201 cum
1053 3145 1079 3199 a
1109 3143 1199 3202 sese

262 3235 435 3320 barbari
467 3232 755 3337 defensarent,
800 3238 848 3321 ac
876 3235 941 3322 ius
982 3235 1199 3352 legationis

262 3356 555 3441 intemeratum
585 3355 666 3441 sibi
695 3357 873 3458 vellent3
910 3357 1031 3459 Non,
1064 3356 1200 3468 inquit

265 3476 525 3578 Alexander,
568 3507 620 3562 ex
661 3478 867 3564 sententia
907 3476 976 3565 vel
1008 3475 1199 3563 moribus

300 3757 334 3813 (a)
352 3755 411 3802 (lod.
428 3755 509 3805 baleo.
535 3756 569 3815 (l)
586 3757 645 3804 (led.
665 3755 756 3804 rudera
