3109 4934
566 509 820 579 ALEXANIJRI
1093 516 1134 585 13

21 697 195 756 anama
261 652 414 741 XVIII.
445 656 607 773 Agmen
625 687 727 743 vero
748 680 933 743 ceterum
954 679 996 743 et
1019 660 1136 745 auxi-

202 776 259 861 lia
308 776 422 862 circa
468 776 652 892 gentium
702 778 824 863 classi
873 782 1136 865 vehebantur
1182 880 1186 885 ¹

202 894 302 981 belli
332 896 478 984 usibus
508 898 663 997 divite,
695 928 803 1013 quae
830 898 1100 1020 Amphipoli
1088 930 1135 985 ιιι

201 1018 433 1132 Strymonis
464 1018 657 1102 littore·
630 1040 668 1091 ‹¹›
698 1040 797 1102 erat.
842 1012 909 1102 Εο
947 1048 1079 1131 usquc
1112 1048 1138 1105 a

202 1159 336 1221 matre
366 1138 569 1221 deductus
602 1136 765 1229 acuitur
788 1140 839 1223 ad
857 1138 1042 1254 gloriam.
1071 1142 1136 1223 Ita

203 1256 399 1351 nobilitas
435 1278 477 1344 ct
520 1258 565 1342 in
612 1255 777 1341 feminis
827 1256 1022 1372 periculis
1074 1278 1138 1342 est

21 767 100 811 teiam.

204 1379 346 1463 amica
376 1376 509 1492 Igitur
537 1376 628 1490 ipse
666 1406 745 1489 per
787 1377 997 1485 Abderam
1045 1378 1137 1463 Ma·

200 1497 446 1611 roniamque
476 1518 565 1581 tum
601 1499 791 1581 Hebrum
837 1518 880 1581 et
928 1498 1137 1585 Melanam

205 1649 377 1718 amnes,
407 1618 548 1702 classis
578 1644 680 1701 vero
701 1616 878 1701 circuitu
898 1619 1014 1701 omni
1045 1640 1134 1701 xx·

203 1740 271 1823 die
285 1741 429 1823 Seston
443 1756 619 1850 uterque
635 1737 846 1850 adpulere,
861 1740 1139 1851 'Abydumque

204 1857 511 1957 transmittant,
543 1879 584 1943 et
601 1858 692 1945 Diis
711 1856 911 1941 heroibus
942 1857 1014 1969 qui
1041 1876 1141 1979 aput

202 1977 326 2061 Ilium
354 1976 489 2078 litant,
519 1977 594 2063 abi
621 1980 744 2062 hasta
773 1977 891 2061 humi
913 1974 997 2062 fixa
1016 2005 1140 2061 omen

202 2097 284 2185 sibi
307 2096 421 2181 facit
436 2096 557 2181 Asiae
588 2098 701 2182 bello
720 2097 995 2213 quaerendae
1014 2126 1141 2211 quarn

202 2220 330 2304 Persa
359 2208 479 2301 miles
510 2247 558 2302 ea
587 2237 829 2353 tempestate
859 2218 1108 2331 possidebat.

21 2396 137 2508 ⁰⁹?
106 2410 188 2442 ΜΜ,
263 2339 376 2423 XIX.
419 2337 537 2422 Exim
566 2336 794 2453 praemittit
822 2337 1140 2423 Parmenionem

126 2466 246 2579 ξζζιι
287 2459 470 2542 Attalum
507 2461 658 2559 duces,
707 2458 780 2573 qni
823 2478 1043 2595 satrapas
1049 2480 1135 2544 ··v11

29 2602 35 2612 ·
71 2616 106 2645 m·
126 2532 367 2663 ‘homnem
398 2578 539 2663 Asiam
567 2578 916 2692 praetendentes'
905 2577 1138 2663 irritamen-

198 2700 254 2792 tis
284 2730 308 2783 a
339 2728 385 2782 se
416 2728 462 2783 se
501 2699 748 2782 diducerent
786 2719 1141 2814 spargerentquez

203 2818 401 2932 quoniam
445 2817 583 2933 primo
635 2818 831 2901 conflictu
881 2820 932 2903 de
980 2846 1141 2901 summa

202 2939 301 3024 belli
358 2941 610 3037 decernere,
653 2936 895 3050 priusquam
953 2966 1048 3020 auos
1092 2936 1139 3019 in

200 3062 281 3144 hoc
331 3059 558 3159 enrdisset,
597 3002 858 3142 Alexander.
892 3056 1136 3143 declinabat.

201 3182 281 3264 Sed
312 3180 425 3262 enim
453 3199 643 3293 satrapae
671 3198 814 3262 notam
842 3175 1034 3292 ignaviae
1064 3177 1136 3259 de-

58 3381 62 3385 *
205 3299 404 3382 clinantes
435 3326 561 3433 quam
590 3296 636 3381 in
674 3327 721 3381 se
770 3298 924 3383 scirent
977 3326 1001 3380 a
1036 3324 1138 3411 rege

205 3416 411 3532 supplicio
439 3416 631 3530 punitam
661 3416 742 3517 iri,
771 3418 846 3501 ubi
877 3418 930 3501 de
959 3415 1137 3502 Alexan·

206 3536 271 3620 dri
302 3536 483 3622 adventu
512 3566 778 3653 conparere,
823 3540 933 3652 apud
983 3540 1137 3621 flumen

238 3738 275 3803 (ι)
286 3740 346 3785 cad.
371 3742 396 3786 ln
410 3743 520 3788 Salmone
531 3741 621 3787 luceria
630 3739 685 3786 nm
695 3738 750 3802 qaia
757 3741 851 3789 mavult
868 3738 893 3787 la
908 3744 1023 3803 dayam
1039 3740 1135 3788 lt'carnt'a

201 3809 235 3855 ibi
253 3808 317 3856 enin
331 3824 419 3870 reapse
435 3811 545 3858 blcanit
563 3820 601 3857 aar
618 3808 741 3870 Strymon.
