3109 4934
513 521 745 598 suturam
769 525 830 595 111.
886 567 889 573 -
914 551 917 558 ·
1068 527 1136 598 225

128 775 131 784 1
209 676 341 791 Igitur
367 701 441 756 rex
469 701 567 756 mox
596 673 749 756 lectulo
779 674 925 770 datur,
965 701 1026 754 ao·
1050 660 1145 756 die-i
1245 655 1251 670 ⁴

207 798 287 878 bus
319 791 594 908 conplusculis
620 821 714 876 cum
733 793 806 876 illa
833 782 1016 905 pernieie
1037 818 1154 876 con-¹

207 915 384 998 luctatus
427 913 594 1028 tandem
642 921 807 1026 causam
850 911 1034 994 eiusdem
1064 939 1138 1027 pe·

203 1033 329 1116 riculi
360 1062 448 1117 esse
480 1034 531 1116 ab
562 1030 780 1143 Antipatro
812 1030 1015 1144 cognovit.

57 1187 75 1218 0
99 1174 106 1185 ·
128 1176 189 1222 aa.
267 1154 354 1236 XC.
385 1152 473 1234 Id
461 1170 647 1235 1nsecuta
689 1169 752 1232 est
794 1152 999 1266 quaedam
1027 1151 1137 1236 indi·

206 1272 416 1387 guadonis
429 1269 584 1356 eaalitis
602 1271 829 1354 ostentatio.
844 1269 1006 1352 Nebula
1021 1270 1141 1386 quip-

205 1422 261 1506 pe
290 1391 513 1475 admodum
546 1416 681 1472 crassa
710 1384 913 1501 foedaque
940 1387 1141 1476 interfusa

207 1511 364 1594 omni
339 1547 374 1602 ιι
392 1521 478 1593 aen
466 1508 601 1592 sudo
620 1506 688 1590 die
718 1531 868 1592 cuncta
885 1508 930 1594 in
949 1512 1139 1595 tenebras

207 1651 397 1716 verterat.
427 1631 535 1712 Tum
553 1649 724 1762 repente
749 1657 772 1709 e
794 1627 971 1712 nubibus
992 1629 1141 1712 draco:
1138 1656 1142 1665 ’

206 1749 270 1832 nis
301 1745 454 1865 effigies
499 1744 743 1862 ignitissima
786 1745 954 1831 caelitus
983 1747 1138 1833 labitur

206 1898 321 1952 mare
364 1896 522 1981 usque,
563 1894 727 1978 unaque
770 1897 866 1950 cum
910 1866 980 1948 illo
1010 1879 1138 1979 ,prae-

206 1986 357 2100 stang'a
370 2006 404 2064 tu
426 1985 585 2099 aquilae
615 1986 775 2097 speeies
805 1986 980 2072 volabat
1014 1987 1142 2087 Quod
1279 2053 1282 2058 .
1347 2059 1351 2066 .

207 2106 281 2192 ubi
309 2106 461 2193 factum
491 2125 579 2212 est„
599 2103 708 2190 Iovis
744 2135 911 2218 quoque
929 2105 1140 2218 babylonii

206 2227 471 2320 simulacrum
501 2245 646 2309 nutare
666 2224 813 2340 coepit.
852 2229 905 2310 Et
936 2224 1049 2308 bisce
1079 2223 1140 2310 fa·

206 2343 308 2446 ctis,
338 2374 478 2432 rursus
500 2347 626 2429 draco
655 2371 738 2430 una
767 2374 864 2430 cum
901 2343 1037 2456 aquila
1065 2372 1159 2430 sua'

207 2467 261 2549 ad
291 2463 393 2549 caeli
423 2477 606 2550 convexa
625 2466 853 2550 remeavit:
884 2461 1020 2577 aquila
1038 2493 1140 2550 sane

205 2586 361 2670 vehens
391 2583 528 2670 atellae
575 2585 786 2670 cuiusdam
813 2581 1018 2698 fulgidum
1047 2587 1138 2698 glo-

126 2809 129 2814 *
205 2707 314 2788 bum.
335 2705 459 2809 Quod
472 2705 544 2789 ubi
558 2703 748 2788 homines
758 2702 998 2803 visitavere,
1013 2699 1141 2790 veluti

205 2823 518 2936 praenuntiante
539 2821 752 2908 divinitate
755 2824 880 2959 ’quod
900 2826 1137 2938 gerebatur,

11 2976 129 3088 mann
130 2973 189 3021 aa
206 2944 438 3028 Alexander
468 2971 634 3080 quoque
665 2940 813 3057 spiritu
845 2943 1034 3055 protinus
1065 2972 1138 3026 va·

208 3085 352 3148 cuatur
373 3093 421 3148 ac
440 3063 627 3148 moritur.
649 3060 785 3146 Persis
815 3061 1138 3145 autemomulta

206 3183 414 3268 contentio
431 3203 521 3268 erat
547 3182 809 3295 cupientibus
837 3209 981 3295 regem
1009 3178 1055 3262 in
1073 3209 1138 3266 re-

206 3332 288 3416 gno
300 3331 464 3415 persico
486 3300 677 3415 sepelire,
701 3330 860 3422 proque
879 3305 971 3386 Deo
983 3298 1140 3384 Mrthra

204 3417 473 3534 religionibus
487 3434 524 3502 (ἐι
538 3448 792 3504 consecrare.
808 3420 1028 3505 Enimvero
1047 3420 1139 3505 Ma·

207 3541 384 3625 cedones
415 3541 468 3624 ad
486 3540 773 3624 Macedoniam
789 3569 940 3656 corpus
954 3539 1138 3624 indidem

242 3749 276 3801 (ιι)
293 3746 353 3792 Coti.
371 3747 453 3794 omia.
470 3747 504 3804 (l)
522 3749 581 3797 cod
593 3753 718 3808 praestate.
735 3748 769 3799 (r)
787 3745 848 3790 cod.
868 3755 951 3790 nm
970 3741 1006 3799 (d)
1022 3743 1083 3789 cod.
1099 3757 1137 3790 rr-

206 3814 373 3877 guatinas-d
389 3815 518 3866 meandum
534 3815 664 3870 ridebatur
680 3809 901 3873 rubuariorum·
918 3820 1007 3872 stup.
1022 3823 1070 3856 xer.

1040 3892 1061 3947 P
