3109 4934
371 465 403 540 8,
625 463 881 536 attxauutu
903 463 1046 536 ORTVS

369 613 610 730 Philippum
640 615 871 700 discumbit.
904 613 987 696 Sed
1015 642 1090 698 rex
1140 642 1305 728 asperaae

370 755 435 820 tus
451 759 486 812 ‹a›
501 737 555 819 ad
576 734 683 818 dicta
702 732 812 820 intus
830 736 875 818 in
894 731 1032 816 animo
1052 735 1271 820 saeviebat.

215 917 353 964 mm„
428 857 479 940 V.
511 854 662 938 Aderat
713 877 812 938 tunc
853 853 961 936 iuter
1002 854 1149 938 multas
1186 884 1307 970 rega*

183 993 255 1100 2¹3:-
270 987 353 1034 ...a
369 975 512 1088 leoque
541 974 707 1060 delicias
749 972 891 1088 Lysias
925 994 963 1045 ω
991 974 1161 1085 quidam
1201 975 1302 1058 risui

369 1095 583 1182 excitando
613 1123 738 1207 quam
769 1091 1068 1192 facetissimus,
1107 1093 1178 1206 qui
1208 1125 1301 1178 cum

369 1214 605 1330 ingratiam
635 1215 743 1328 regis
775 1213 1019 1296 admordere
1062 1215 1302 1298 adolescem

369 1338 503 1420 tulum
531 1331 682 1432 vellet,
712 1331 898 1430 Potiare,
940 1333 1096 1445 inquit,
1148 1364 1174 1417 o
1204 1363 1303 1432 rex,

373 1457 652 1569 Cleopatrae,
683 1451 863 1564 potiare:
895 1483 918 1534 e
952 1483 1035 1566 qua
1064 1453 1140 1536 tibi
1181 1481 1303 1568 spero

371 1575 552 1690 privatos
582 1571 691 1657 filios
721 1591 844 1686 atque
873 1571 1246 1658 incommunicatos-
1266 1590 1302 1647 (ὃ)

349 1693 490 1780 alteri
520 1710 793 1807 proventuros
815 1725 824 1774 :
855 1721 1007 1804 eosque
1029 1691 1101 1806 qui
1121 1693 1303 1779 vultibus

373 1814 452 1899 tuis
483 1833 523 1896 et
553 1809 661 1895 felici
691 1813 967 1924 respondeant
1001 1812 1159 1898 semini.
1190 1815 1305 1896 Haec

372 1933 445 2018 ubi
474 1933 582 2014 dicta
612 1949 736 2030 sunt,
766 1931 966 2016 irritatior
988 1931 1178 2032 iuvenis,
1206 1962 1304 2045 pro·

374 2052 482 2136 tinus
512 2050 731 2166 poculum,
762 2051 875 2162 quod
916 2051 995 2137 sibi
1036 2081 1137 2166 prae
1181 2079 1307 2135 manu

374 2193 489 2272 erat,
519 2171 563 2255 in
582 2171 746 2286 Lysiam
776 2171 976 2256 iaculatur
1011 2201 1188 2284 eumque
1216 2172 1307 2256 vul·

373 2311 498 2374 uerat
527 2292 608 2376 Sed
642 2320 717 2374 rex
746 2287 1037 2376 effervescente
1082 2291 1167 2374 irae
1209 2315 1306 2406 pro·

373 2409 572 2511 sessione,
629 2411 846 2524 prosiliens
902 2410 947 2493 in
1001 2412 1303 2511 Alexandrum,

373 2531 557 2631 labitur,
600 2557 803 2642 crureque
845 2533 956 2616 laeso
999 2554 1041 2619 et
1091 2533 1309 2618 vulnerato

372 2649 616 2766 procumbit
646 2650 752 2734 Tum
782 2678 930 2763 parum
949 2672 1182 2766 temperans
1213 2649 1307 2736 voci

373 2768 556 2869 iuvenis,
597 2770 661 2852 En
683 2831 710 2870 ,,
737 2769 903 2882 iuquit,
952 2769 1021 2852 ille
1065 2770 1141 2884 qul
1165 2770 1305 2855 Asiam

371 2891 661 3004 Europamque
689 2888 875 2991 subiecit,
905 2890 1025 2974 unius
1052 2890 1192 2975 lectuli
1212 2918 1304 3002 spa-

370 3009 480 3094 cium
511 3009 598 3095 sine
629 3007 818 3126 periculo
843 3038 927 3094 nou
952 3039 1139 3096 emensus
1167 3011 1303 3094 cartu!

405 3211 441 3274 (a)
466 3214 526 3259 (lod.
544 3215 679 3275 speratim.
700 3212 733 3270 (i)
750 3213 811 3258 (lod.
829 3213 1026 3259 aasumensi.

407 3357 449 3423 (t)
467 3357 553 3425 Apud
573 3357 757 3414 Plutarchum
777 3358 842 3412 loco
860 3378 954 3430 nuper
975 3359 1093 3414 laudato
1112 3373 1143 3416 et
1160 3358 1304 3414 luatiuuua

368 3443 411 3483 tx.
432 3445 461 3502 7.
480 3449 536 3486 uou
556 3431 658 3506 Lyaiaa
680 3437 731 3490 aed
752 3435 866 3491 Attalus
899 3437 1085 3504 coavivium,
1107 3436 1143 3492 tle
1176 3456 1235 3508 quo
1254 3439 1301 3490 lale

367 3524 480 3573 urna,
502 3509 634 3565 dicteriis
654 3513 820 3578 conturbat.

405 3587 446 3652 (a)
469 3585 554 3655 Apud
575 3585 759 3644 Plutarchum
772 3589 839 3644 loco
852 3607 946 3660 nuper
960 3591 1080 3646 laudato
1091 3591 1193 3646 iisdem
1211 3608 1303 3662 prope

359 3661 466 3716 ¹rethia
479 3662 610 3732 loquitur
624 3665 659 3718 de
673 3666 806 3738 Philippo
828 3667 999 3722 Alexander:
1026 3667 1120 3738 oda-oq
1142 3669 1241 3740 piram
1264 3667 1304 3734 εἰς

365 3734 474 3834 ’Apion
505 3735 534 3810 il
555 3738 702 3817 Ἐὂρὸτης
728 3745 963 3816 παρεσκευάζετο
989 3745 1172 3820 διαβάσεις,
1198 3747 1230 3817 ὃς
1255 3743 1304 3806 ἰπὶ

368 3819 473 3885 amna
503 3816 565 3876 alud
591 3817 696 3890 κλίνης
725 3820 885 3896 διαβαίνοι
906 3823 1140 3903 ἐπιτέτραπται.
