3109 4934
530 501 610 576 snv
634 501 761 574 trusa
785 503 851 576 111.
1085 503 1154 592 ηε

223 647 463 739 affectarent
492 673 552 756 to,
589 655 686 739 mox
715 652 881 738 sauciae
913 647 1155 764 debilesque

227 797 296 869 aut
324 775 513 889 protinus
551 775 701 860 cadere
733 794 804 857 aut
832 769 1025 886 refugere
1060 799 1161 854 coe·

222 921 324 1008 pere
357 893 526 978 omnino
545 895 703 977 nullum
725 891 867 977 auxilii
894 892 1019 978 ullius
1041 919 1157 974 emo-

223 1013 452 1098 lumentum
482 1011 660 1105 dominis
694 1011 935 1098 adferentes.

68 1161 206 1208 rnna„
280 1133 353 1215 XL
382 1133 535 1248 Sicque
574 1134 688 1216 Indis
720 1135 771 1218 ab
792 1133 865 1216 illo
883 1130 1064 1218 ferarum
1085 1159 1159 1214 au·

26 1239 126 1342 3:22¹„
148 1246 204 1278 ⁹¹⁸
220 1249 319 1336 uilio
349 1253 553 1338 destitutis
585 1255 768 1338 secunda
809 1253 1028 1338 concursio
1058 1247 1158 1350 fuit,

220 1391 268 1454 ut
310 1372 394 1487 ipsi
437 1373 552 1487 prius
582 1388 619 1448 ‹¹›
647 1371 754 1456 inter
795 1399 885 1456 sese
929 1368 1155 1458 virtutibus

221 1489 519 1603 experirentur.
544 1492 674 1610 Igitur
702 1493 855 1576 Persae
887 1517 1066 1606 coepere
1087 1517 1155 1573 sa·

221 1610 331 1723 gittis
366 1612 490 1696 Indos
525 1611 732 1698 incessere
770 1612 985 1724 ceteroqui
1020 1607 1155 1692 nudos

222 1759 431 1814 armorum
472 1731 716 1844 eminusque
747 1727 980 1844 configere,
1017 1755 1152 1840 neque

220 1849 356 1934 minus
378 1879 449 1935 eos
466 1852 726 1965 equestribus
742 1851 909 1965 proeliis
925 1878 1050 1964 quam
1080 1875 1153 1934 ve-

53 2017 204 2079 »,,ψωὶ
219 1969 530 2056 hementissime
543 1972 793 2056 Macedones
821 1968 1007 2084 fatigare.
1041 1968 1150 2052 Cum

15 2099 103 2134 ²⁰³¹·
219 2087 368 2203 quibus
397 2118 480 2174 una
502 2092 708 2204 cumipse
732 2092 966 2176 Alexander
983 2089 1150 2204 pericu·

218 2209 260 2292 lo
290 2237 373 2292 non
406 2211 598 2310 deesset,
640 2237 771 2325 equus
788 2211 857 2294 ille
891 2208 1151 2323 Bucephala,

219 2357 305 2442 quo
334 2330 597 2430 vehebatur,
626 2331 724 2414 Pori
741 2330 888 2414 dextra
908 2329 1150 2417 vulneratur

219 2467 261 2530 et
292 2449 412 2532 cadit.
444 2451 574 2566 quue
604 2449 903 2534 Macedonibus
921 2477 1047 2562 supra
1058 2477 1149 2532 om·

217 2567 289 2653 nia
318 2595 424 2681 quae
472 2587 647 2683 possunt
674 2570 719 2654 in
767 2569 937 2682 proeliis
987 2560 1149 2652 incomss

216 2688 342 2774 moda
371 2687 506 2773 videri
541 2688 749 2802 ingratum
778 2685 869 2770 fuit
901 2689 1042 2792 Quare
1072 2717 1149 2770 ne·

216 2807 352 2920 glecto
397 2807 512 2892 omni
555 2806 726 2890 omnino
775 2835 901 2920 opere
936 2805 1118 2890 bellandi
1132 2814 1151 2904 ,‘

218 2953 372 3038 equum
401 2927 632 3010 exanimem
666 2925 756 3040 ipae
785 2927 917 3010 cauda
945 2924 991 3011 in
1008 2944 1152 3039 partes

215 3071 308 3130 suas
338 3045 604 3145 retrahite),
636 3045 867 3160 metuitque
897 3073 950 3128 ne
969 3041 1149 3158 spolium

214 3163 316 3248 illud
358 3163 450 3249 Indi
492 3193 612 3249 suum
659 3165 844 3264 vellent,
883 3165 996 3278 quod
1039 3182 1148 3248 esset

249 3352 284 3404 (ι)
301 3347 361 3394 Geel.
377 3348 515 3408 effluerent.
531 3345 566 3399 ll)
583 3345 619 3390 lta
636 3346 683 3392 esd
709 3345 756 3392 nisi
772 3347 847 3392 nvi·
860 3346 943 3407 petius.

212 3425 1150 3453 w

254 3481 297 3541 (ι)
330 3475 423 3527 Aliter
453 3472 562 3526 Οὴιηι
592 3471 669 3542 apud
701 3469 827 3524 Gellium
851 3471 882 3523 V.
902 3486 929 3523 π.
960 3469 1150 3526 Homerios

214 3547 381 3626 Bucephalas
399 3565 431 3604 ac
444 3567 529 3626 prope
546 3550 596 3605 ta·
617 3545 764 3624 Μηρώ
781 3567 798 3603 s
814 3547 910 3604 uatis
925 3547 1046 3605 dosndm
1059 3566 1145 3624 regens

214 3629 373 3684 uacuum
393 3645 474 3683 cursu
494 3627 606 3684 ntulit:
634 3640 716 3702 arque
733 3622 781 3684 ott
798 3643 856 3681 sun
874 3638 949 3680 «sera
967 3626 1021 3680 sela
1041 3623 1145 3681 estule-

214 3719 274 3772 ναι,
305 3701 380 3762 illico
399 3703 535 3767 concidis,
564 3717 591 3759 ss
620 3700 721 3760 donini
747 3703 800 3758 tan
829 3701 985 3779 superstitis
1009 3719 1144 3768 saurus,

217 3783 298 3860 qussi
315 3799 375 3838 rou
392 3799 489 3840 sensus
506 3781 614 3842 dommi
631 3777 728 3838 atauo
748 3783 861 3838 mim
878 3779 1062 3909 sssps'rost's.k
