3109 4934
553 502 797 580 PRAEFATIO
1099 533 1158 585 rrr

233 667 462 741 computre,
486 647 634 718 Dorium
668 649 740 718 tibi
776 649 934 742 denique
968 649 1066 721 bello
1104 653 1164 720 in-

232 741 422 810 terneuivo
446 743 757 812 exterminandum
807 747 981 835 ropoauit.
1004 746 1162 814 Tumlu·

230 836 304 904 lina
330 833 493 901 Valerius
517 834 705 904 Pertarurn
729 766 837 904 noli·
852 838 990 904 euriaut
1012 857 1162 921 reterat,

231 927 272 996 in
297 950 368 1020 qua
392 927 522 994 Darius
553 925 599 996 de
635 951 676 996 re
714 951 852 996 summa
887 928 1069 1035 tollioitua
1107 953 1165 998 ra-

232 1037 780 1183 ltl⁸2¹l¹2¹r32{·¹,s‘lll;l·
793 1019 1166 1184 ’Amulli

232 1203 444 1276 bellandum
469 1204 739 1276 corroboratur.
774 1207 922 1276 Interim
961 1208 1166 1278 Alexander

234 1298 366 1368 cilicie
389 1301 565 1392 occupati
589 1301 755 1370 morbum
778 1300 833 1370 ibi
860 1301 1013 1371 iuvenili
1049 1299 1166 1370 eonfi-

234 1390 358 1462 dentiu
396 1409 621 1462 contractum
658 1417 766 1490 aegra
804 1395 971 1463 auttinet.
1011 1394 1065 1465 Ab
1093 1393 1164 1463 hoo

234 1503 356 1554 autem
379 1485 461 1555 loon
485 1485 530 1553 ad
554 1488 704 1555 Durium
727 1509 897 1580 anprenro
912 1487 1053 1579 proelio
1079 1509 1164 1580 pro·

234 1577 400 1674 {ligatum
430 1581 561 1648 laconi
577 1579 692 1649 uodex
707 1578 861 1649 laborat.
885 1580 1065 1674 Deincepa
1081 1601 1165 1649 ora·

234 1673 338 1740 roriit
363 1671 581 1742 ornamentis
605 1673 725 1742 deuuo
748 1671 914 1743 Valerius
954 1673 1164 1767 indulgent,

234 1762 374 1834 litterae
399 1767 445 1834 ad
466 1767 596 1835 Porum
618 1767 730 1851 Darii,
746 1763 854 1834 huiua
869 1767 1060 1834 morienti·
1083 1787 1166 1834 oum

235 1857 441 1928 Alexandro
465 1858 716 1954 colloquium,
742 1857 878 1953 duplex
901 1858 1098 1930 Alexandri
1121 1855 1168 1926 ad

233 1949 359 2020 Peraea
398 1951 589 2035 edictum,
627 1954 769 2024 litterar
812 1951 972 2045 denique
1020 1971 1165 2022 mutuat

234 2043 431 2114 Alexandri
454 2043 762 2142 Rogoduuiaqne‚
787 2067 882 2137 quae
916 2045 1016 2114 Darii
1051 2063 1167 2115 mater

235 2135 329 2220 luit,
367 2158 537 2224 oontuett
575 2139 650 2208 atili
686 2138 864 2208 facilitate
902 2137 1095 2236 confingit,
1129 2152 1168 2207 et

235 2229 339 2298 Darii
362 2227 475 2299 lilium
499 2233 682 2302 Roxanetn
713 2230 919 2300 Alexandro
950 2232 1106 2300 eolloont
1127 2231 1168 2300 iu

237 2324 491 2408 matrimonio,
516 2325 580 2417 qni
607 2342 665 2393 eat
685 2325 806 2394 exitur
838 2323 989 2395 troandi
1026 2325 1122 2394 libri.

71 2445 147 2492 rme
162 2447 222 2494 um
286 2416 326 2484 V.
350 2420 395 2487 At
417 2440 505 2488 vero
531 2419 660 2487 tertiae
681 2435 938 2511 extremaeque
975 2417 1071 2488 libet
1109 2439 1168 2487 ret

47 2517 211 2566 nomnium
237 2507 376 2580 indicat
401 2510 597 2580 Alexandri
636 2511 742 2580 multi
765 2513 926 2606 ‘grueria
959 2513 1167 2606 multaeque

237 2602 469 2696 eloquentiae
493 2604 757 2699 complectitur.
781 2607 874 2676 llere
912 2607 1011 2675 euim
1047 2607 1168 2674 atatinr

235 2696 442 2766 Alexander
467 2719 551 2766 auor
574 2697 621 2766 ad
643 2696 735 2766 belli
756 2699 969 2792 patientiam
1004 2699 1170 2768 oratione

238 2787 459 2860 eoltartatur.
483 2791 569 2858 Mox
592 2791 676 2860 Pori
712 2791 871 2860 minate·
902 2793 1048 2860 litterae
1087 2813 1171 2860 enm

237 2881 434 2955 Alexandri
459 2884 637 2977 reatripro
661 2886 873 2955 recitentur.
907 2886 1001 2954 'l'um
1032 2885 1173 2980 gratit-

235 2975 1175 3163 ll“tlt‘lflffi't'll‘zrll?‘eluet-¹¹53

237 3183 324 3230 earu
348 3162 530 3254 simulque
554 3161 727 3256 prudenti
761 3161 959 3234 Alexandri
996 3164 1175 3234 tentione

236 3255 329 3325 moti
354 3254 435 3323 ludi
459 3275 587 3347 paoem
621 3255 770 3324 laeiunt.
808 3257 902 3324 Hine
936 3254 1174 3326 Brachmanae

239 3346 318 3416 adit
341 3344 577 3431 Alexander,
603 3347 789 3443 mirorque
814 3347 1067 3442 pltilotopltiae
1090 3370 1176 3418 aeu-
1218 3370 1222 3378 ·

239 3457 301 3508 aua
336 3459 412 3508 non
439 3440 570 3510 ¹tolum
616 3439 663 3508 ah
704 3445 749 3512 iit
792 3441 895 3511 audit
931 3462 1058 3510 verunt
1095 3443 1177 3535 ipae

241 3531 717 3698 Alll‘AlPl‘sltltl
744 3534 1179 3698 llllltlllzt‘ll:

242 3716 408 3790 elaborat
417 3727 433 3808 'a
458 3743 530 3816 qua
553 3719 604 3790 de
623 3719 826 3792 itineribua
848 3723 922 3793 auia
946 3743 1014 3814 per
1037 3721 1179 3796 ludium
