<?xml version="1.0" encoding="UTF-8"?>
<!DOCTYPE html PUBLIC "-//W3C//DTD XHTML 1.0 Transitional//EN"
    "http://www.w3.org/TR/xhtml1/DTD/xhtml1-transitional.dtd">
<html xmlns="http://www.w3.org/1999/xhtml" xml:lang="en" lang="en">
 <head>
  <title>
</title>
<meta http-equiv="Content-Type" content="text/html;charset=utf-8" />
  <meta name='ocr-system' content='tesseract 3.04.00' />
  <meta name='ocr-capabilities' content='ocr_page ocr_carea ocr_par ocr_line ocrx_word'/>
</head>
<body>
  <div class='ocr_page' id='page_1' title='image "./itinerariumalex00unkngoog/itinerariumalex00unkngoog_0129.png"; bbox 0 0 3109 4934; ppageno 0'>
   <div class='ocr_carea' id='block_1_1' title="bbox 545 492 1162 590">
    <p class='ocr_par' dir='ltr' id='par_1_1' title="bbox 545 492 1162 590">
     <span class='ocr_line' id='line_1_1' title="bbox 545 492 1162 590; baseline 0.003 -6"><span class='ocrx_word' id='word_1_1' title='bbox 545 492 793 587; x_wconf 78' lang='lat' dir='ltr'><strong>ruinrirro</strong></span> <span class='ocrx_word' id='word_1_2' title='bbox 1068 493 1162 590; x_wconf 64' lang='lat' dir='ltr'><strong>xva</strong></span> 
     </span>
    </p>
   </div>
   <div class='ocr_carea' id='block_1_2' title="bbox 130 655 1156 3921">
    <p class='ocr_par' dir='ltr' id='par_1_2' title="bbox 222 655 1156 1210">
     <span class='ocr_line' id='line_1_2' title="bbox 272 655 1154 757; baseline 0.001 -28"><span class='ocrx_word' id='word_1_3' title='bbox 272 683 306 750; x_wconf 76' lang='lat'><strong>7.</strong></span> <span class='ocrx_word' id='word_1_4' title='bbox 329 657 386 729; x_wconf 76' lang='lat' dir='ltr'><strong>ab</strong></span> <span class='ocrx_word' id='word_1_5' title='bbox 412 673 557 726; x_wconf 86' lang='lat' dir='ltr'><strong>anctore</strong></span> <span class='ocrx_word' id='word_1_6' title='bbox 582 659 735 757; x_wconf 79' lang='lat' dir='ltr'><strong>catalogi</strong></span> <span class='ocrx_word' id='word_1_7' title='bbox 767 657 934 730; x_wconf 85' lang='lat' dir='ltr'><strong>codicum</strong></span> <span class='ocrx_word' id='word_1_8' title='bbox 955 655 1154 730; x_wconf 81' lang='lat' dir='ltr'><strong>bibliothe-</strong></span> 
     </span>
     <span class='ocr_line' id='line_1_3' title="bbox 224 751 1153 848; baseline 0 -28"><span class='ocrx_word' id='word_1_9' title='bbox 224 773 291 820; x_wconf 83' lang='lat' dir='ltr'><strong>cae</strong></span> <span class='ocrx_word' id='word_1_10' title='bbox 322 755 445 848; x_wconf 76' lang='lat' dir='ltr'><strong>regiae</strong></span> <span class='ocrx_word' id='word_1_11' title='bbox 483 751 699 820; x_wconf 71' lang='lat' dir='ltr'>Parisiorum</span> <span class='ocrx_word' id='word_1_12' title='bbox 737 755 777 820; x_wconf 87' lang='lat' dir='ltr'><strong>T.</strong></span> <span class='ocrx_word' id='word_1_13' title='bbox 817 777 872 822; x_wconf 81' lang='lat' dir='ltr'><strong>iv.</strong></span> <span class='ocrx_word' id='word_1_14' title='bbox 909 757 1037 845; x_wconf 82' lang='lat' dir='ltr'><strong>p.&#39;ra.</strong></span> <span class='ocrx_word' id='word_1_15' title='bbox 1074 755 1153 822; x_wconf 87' lang='lat' dir='ltr'><strong>cod.</strong></span> 
     </span>
     <span class='ocr_line' id='line_1_4' title="bbox 224 844 1152 916; baseline 0.002 -4"><span class='ocrx_word' id='word_1_16' title='bbox 224 867 502 916; x_wconf 78' lang='lat' dir='ltr'><strong>rvunooonxxx.</strong></span> <span class='ocrx_word' id='word_1_17' title='bbox 528 844 612 913; x_wconf 87' lang='lat' dir='ltr'><strong>lecti</strong></span> <span class='ocrx_word' id='word_1_18' title='bbox 637 863 741 912; x_wconf 82' lang='lat' dir='ltr'><strong>eunt:</strong></span> <span class='ocrx_word' id='word_1_19' title='bbox 766 847 889 913; x_wconf 85' lang='lat' dir='ltr'><strong>Rerum</strong></span> <span class='ocrx_word' id='word_1_20' title='bbox 922 844 967 912; x_wconf 83' lang='lat' dir='ltr'><strong>nh</strong></span> <span class='ocrx_word' id='word_1_21' title='bbox 1000 848 1152 916; x_wconf 77' lang='lat' dir='ltr'><strong>Alexan·</strong></span> 
     </span>
     <span class='ocr_line' id='line_1_5' title="bbox 226 937 1156 1030; baseline 0 -24"><span class='ocrx_word' id='word_1_22' title='bbox 226 941 287 1006; x_wconf 83' lang='lat' dir='ltr'><strong>dro</strong></span> <span class='ocrx_word' id='word_1_23' title='bbox 311 961 437 1028; x_wconf 74' lang='lat' dir='ltr'><strong>magno</strong></span> <span class='ocrx_word' id='word_1_24' title='bbox 460 955 631 1028; x_wconf 76' lang='lat' dir='ltr'><strong>gestarum</strong></span> <span class='ocrx_word' id='word_1_25' title='bbox 660 937 741 1004; x_wconf 85' lang='lat' dir='ltr'><strong>libri</strong></span> <span class='ocrx_word' id='word_1_26' title='bbox 765 937 913 1028; x_wconf 61' lang='lat' dir='ltr'><strong>insoni</strong></span> <span class='ocrx_word' id='word_1_27' title='bbox 935 937 996 1002; x_wconf 79' lang='lat' dir='ltr'><strong>tul</strong></span> <span class='ocrx_word' id='word_1_28' title='bbox 1032 939 1156 1030; x_wconf 75' lang='lat' dir='ltr'><strong>Aesopi</strong></span> 
     </span>
     <span class='ocr_line' id='line_1_6' title="bbox 222 1029 1154 1121; baseline -0.001 -21"><span class='ocrx_word' id='word_1_29' title='bbox 222 1034 336 1121; x_wconf 63' lang='lat' dir='ltr'><strong>gram</strong></span> <span class='ocrx_word' id='word_1_30' title='bbox 356 1034 414 1099; x_wconf 84' lang='lat' dir='ltr'><strong>uel</strong></span> <span class='ocrx_word' id='word_1_31' title='bbox 438 1029 652 1098; x_wconf 75' lang='lat' dir='ltr'><strong>Callisthenis</strong></span> <span class='ocrx_word' id='word_1_32' title='bbox 685 1032 822 1121; x_wconf 79' lang='lat' dir='ltr'><strong>nomine</strong></span> <span class='ocrx_word' id='word_1_33' title='bbox 856 1030 1154 1121; x_wconf 71' lang='lat' dir='ltr'><strong>circumferrem,</strong></span> 
     </span>
     <span class='ocr_line' id='line_1_7' title="bbox 224 1121 696 1210; baseline -0.008 -18"><span class='ocrx_word' id='word_1_34' title='bbox 224 1125 316 1192; x_wconf 85' lang='lat' dir='ltr'><strong>Iulio</strong></span> <span class='ocrx_word' id='word_1_35' title='bbox 346 1125 479 1195; x_wconf 76' lang='lat' dir='ltr'><strong>Valerio</strong></span> <span class='ocrx_word' id='word_1_36' title='bbox 502 1121 696 1210; x_wconf 69' lang='lat' dir='ltr'><strong>interprete.</strong></span> 
     </span>
    </p>

    <p class='ocr_par' dir='ltr' id='par_1_3' title="bbox 130 1213 1154 1310">
     <span class='ocr_line' id='line_1_8' title="bbox 130 1213 1154 1310; baseline -0.001 -24"><span class='ocrx_word' id='word_1_37' title='bbox 130 1295 136 1307; x_wconf 48' lang='lat'>‚</span> <span class='ocrx_word' id='word_1_38' title='bbox 316 1224 435 1310; x_wconf 84' lang='lat' dir='ltr'>Atque</span> <span class='ocrx_word' id='word_1_39' title='bbox 458 1213 499 1283; x_wconf 90' lang='lat' dir='ltr'><strong>hi</strong></span> <span class='ocrx_word' id='word_1_40' title='bbox 524 1215 670 1306; x_wconf 87' lang='lat' dir='ltr'><strong>quidem</strong></span> <span class='ocrx_word' id='word_1_41' title='bbox 694 1213 861 1287; x_wconf 72' lang='lat' dir='ltr'><strong>homine·</strong></span> <span class='ocrx_word' id='word_1_42' title='bbox 896 1214 981 1283; x_wconf 86' lang='lat' dir='ltr'><strong>lolii</strong></span> <span class='ocrx_word' id='word_1_43' title='bbox 1014 1213 1154 1284; x_wconf 83' lang='lat' dir='ltr'><strong>Valerii</strong></span> 
     </span>
    </p>

    <p class='ocr_par' dir='ltr' id='par_1_4' title="bbox 225 1307 1153 1658">
     <span class='ocr_line' id='line_1_9' title="bbox 225 1307 1153 1496; baseline -0.001 -27"><span class='ocrx_word' id='word_1_44' title='bbox 225 1307 702 1496; x_wconf 59' lang='lat' dir='ltr'><strong>lllsshlztffit‘lh&#39;</strong></span> <span class='ocrx_word' id='word_1_45' title='bbox 726 1309 944 1472; x_wconf 53' lang='lat' dir='ltr'><strong>hildi·</strong></span> <span class='ocrx_word' id='word_1_46' title='bbox 958 1307 1153 1493; x_wconf 54' lang='lat' dir='ltr'><strong>lilith</strong></span> 
     </span>
     <span class='ocr_line' id='line_1_10' title="bbox 226 1493 1152 1589; baseline 0.001 -28"><span class='ocrx_word' id='word_1_47' title='bbox 226 1511 508 1566; x_wconf 86' lang='lat' dir='ltr'><strong>commemorant</strong></span> <span class='ocrx_word' id='word_1_48' title='bbox 538 1493 631 1565; x_wconf 84' lang='lat' dir='ltr'><strong>fama</strong></span> <span class='ocrx_word' id='word_1_49' title='bbox 673 1495 923 1566; x_wconf 88' lang='lat' dir='ltr'><strong>tantummodo</strong></span> <span class='ocrx_word' id='word_1_50' title='bbox 961 1496 1152 1589; x_wconf 84' lang='lat' dir='ltr'><strong>alienaque</strong></span> 
     </span>
     <span class='ocr_line' id='line_1_11' title="bbox 226 1589 642 1658; baseline 0 -1"><span class='ocrx_word' id='word_1_51' title='bbox 226 1589 421 1658; x_wconf 80' lang='lat' dir='ltr'><strong>traditione</strong></span> <span class='ocrx_word' id='word_1_52' title='bbox 448 1611 490 1656; x_wconf 89' lang='lat' dir='ltr'><strong>eo</strong></span> <span class='ocrx_word' id='word_1_53' title='bbox 518 1589 642 1656; x_wconf 83' lang='lat' dir='ltr'><strong>nitum.</strong></span> 
     </span>
    </p>

    <p class='ocr_par' dir='ltr' id='par_1_5' title="bbox 158 1609 1155 3921">
     <span class='ocr_line' id='line_1_12' title="bbox 277 1609 1155 1774; baseline 0 -24"><span class='ocrx_word' id='word_1_54' title='bbox 277 1703 306 1750; x_wconf 91' lang='lat'><strong>1.</strong></span> <span class='ocrx_word' id='word_1_55' title='bbox 330 1682 470 1774; x_wconf 80' lang='lat' dir='ltr'><strong>Gaeper</strong></span> <span class='ocrx_word' id='word_1_56' title='bbox 491 1609 659 1751; x_wconf 55' lang='lat' dir='ltr'><strong>{arthiae</strong></span> <span class='ocrx_word' id='word_1_57' title='bbox 684 1681 723 1748; x_wconf 87' lang='lat' dir='ltr'><strong>iu</strong></span> <span class='ocrx_word' id='word_1_58' title='bbox 739 1682 1034 1752; x_wconf 73' lang='lat' dir='ltr'><strong>Adveretriornm</strong></span> <span class='ocrx_word' id='word_1_59' title='bbox 1057 1678 1155 1750; x_wconf 83' lang='lat' dir='ltr'><strong>libro</strong></span> 
     </span>
     <span class='ocr_line' id='line_1_13' title="bbox 225 1773 1155 1867; baseline -0.001 -25"><span class='ocrx_word' id='word_1_60' title='bbox 225 1773 270 1842; x_wconf 88' lang='lat'><strong>11.</strong></span> <span class='ocrx_word' id='word_1_61' title='bbox 294 1797 373 1867; x_wconf 87' lang='lat' dir='ltr'><strong>cap.</strong></span> <span class='ocrx_word' id='word_1_62' title='bbox 397 1801 429 1842; x_wconf 86' lang='lat' dir='ltr'><strong>x.</strong></span> <span class='ocrx_word' id='word_1_63' title='bbox 472 1773 730 1856; x_wconf 50' lang='lat' dir='ltr'><strong>monachalem,</strong></span> <span class='ocrx_word' id='word_1_64' title='bbox 755 1775 946 1867; x_wconf 80' lang='lat' dir='ltr'><strong>quamdam</strong></span> <span class='ocrx_word' id='word_1_65' title='bbox 985 1782 1053 1862; x_wconf 90' lang='lat' dir='ltr'><strong>(ut</strong></span> <span class='ocrx_word' id='word_1_66' title='bbox 1074 1776 1155 1864; x_wconf 74' lang='lat' dir='ltr'><strong>ipre</strong></span> 
     </span>
     <span class='ocr_line' id='line_1_14' title="bbox 222 1867 1153 1963; baseline -0.002 -27"><span class='ocrx_word' id='word_1_67' title='bbox 222 1869 415 1962; x_wconf 86' lang='lat' dir='ltr'><strong>loquitur)</strong></span> <span class='ocrx_word' id='word_1_68' title='bbox 441 1869 486 1936; x_wconf 90' lang='lat' dir='ltr'><strong>de</strong></span> <span class='ocrx_word' id='word_1_69' title='bbox 513 1867 717 1938; x_wconf 79' lang='lat' dir='ltr'><strong>Alexandro</strong></span> <span class='ocrx_word' id='word_1_70' title='bbox 740 1867 929 1938; x_wconf 80' lang='lat' dir='ltr'><strong>hietoriam</strong></span> <span class='ocrx_word' id='word_1_71' title='bbox 967 1868 1153 1963; x_wconf 80' lang='lat' dir='ltr'><strong>prodigio·</strong></span> 
     </span>
     <span class='ocr_line' id='line_1_15' title="bbox 223 1959 1154 2054; baseline 0 -24"><span class='ocrx_word' id='word_1_72' title='bbox 223 1964 273 2030; x_wconf 82' lang='lat' dir='ltr'><strong>eie</strong></span> <span class='ocrx_word' id='word_1_73' title='bbox 299 1961 494 2030; x_wconf 77' lang='lat' dir='ltr'><strong>mendaciis</strong></span> <span class='ocrx_word' id='word_1_74' title='bbox 517 1963 668 2031; x_wconf 81' lang='lat' dir='ltr'><strong>farciam</strong></span> <span class='ocrx_word' id='word_1_75' title='bbox 693 1977 730 2031; x_wconf 86' lang='lat' dir='ltr'><strong>et</strong></span> <span class='ocrx_word' id='word_1_76' title='bbox 753 1959 1087 2054; x_wconf 81' lang='lat' dir='ltr'><strong>contemptibilem,</strong></span> <span class='ocrx_word' id='word_1_77' title='bbox 1113 1961 1154 2030; x_wconf 88' lang='lat' dir='ltr'><strong>iu</strong></span> 
     </span>
     <span class='ocr_line' id='line_1_16' title="bbox 224 2053 1153 2148; baseline 0.001 -26"><span class='ocrx_word' id='word_1_78' title='bbox 224 2053 349 2122; x_wconf 82' lang='lat' dir='ltr'><strong>charta</strong></span> <span class='ocrx_word' id='word_1_79' title='bbox 375 2056 545 2146; x_wconf 72' lang='lat' dir='ltr'><strong>scriptam</strong></span> <span class='ocrx_word' id='word_1_80' title='bbox 570 2053 741 2128; x_wconf 77' lang='lat' dir='ltr'><strong>habuitne</strong></span> <span class='ocrx_word' id='word_1_81' title='bbox 766 2079 805 2123; x_wconf 83' lang='lat' dir='ltr'><strong>ee</strong></span> <span class='ocrx_word' id='word_1_82' title='bbox 829 2056 908 2137; x_wconf 82' lang='lat' dir='ltr'><strong>uit,</strong></span> <span class='ocrx_word' id='word_1_83' title='bbox 932 2075 1039 2148; x_wconf 84' lang='lat' dir='ltr'><strong>quam</strong></span> <span class='ocrx_word' id='word_1_84' title='bbox 1063 2077 1153 2123; x_wconf 86' lang='lat' dir='ltr'><strong>uno·</strong></span> 
     </span>
     <span class='ocr_line' id='line_1_17' title="bbox 223 2146 1153 2241; baseline 0 -25"><span class='ocrx_word' id='word_1_85' title='bbox 223 2169 369 2238; x_wconf 77' lang='lat' dir='ltr'><strong>cymam</strong></span> <span class='ocrx_word' id='word_1_86' title='bbox 385 2171 495 2240; x_wconf 90' lang='lat' dir='ltr'><strong>quum</strong></span> <span class='ocrx_word' id='word_1_87' title='bbox 511 2146 672 2232; x_wconf 88' lang='lat' dir='ltr'><strong>videret,</strong></span> <span class='ocrx_word' id='word_1_88' title='bbox 699 2146 796 2216; x_wconf 87' lang='lat' dir='ltr'><strong>idem</strong></span> <span class='ocrx_word' id='word_1_89' title='bbox 816 2171 907 2241; x_wconf 81' lang='lat' dir='ltr'><strong>opue</strong></span> <span class='ocrx_word' id='word_1_90' title='bbox 923 2147 1153 2231; x_wconf 71' lang='lat' dir='ltr'><strong>existimavit,</strong></span> 
     </span>
     <span class='ocr_line' id='line_1_18' title="bbox 224 2239 1154 2336; baseline 0.002 -28"><span class='ocrx_word' id='word_1_91' title='bbox 224 2239 479 2332; x_wconf 75' lang='lat' dir='ltr'><strong>quod-latetur</strong></span> <span class='ocrx_word' id='word_1_92' title='bbox 493 2239 703 2309; x_wconf 75' lang='lat' dir='ltr'>laudaverat</span> <span class='ocrx_word' id='word_1_93' title='bbox 717 2241 800 2309; x_wconf 86' lang='lat' dir='ltr'><strong>iulii</strong></span> <span class='ocrx_word' id='word_1_94' title='bbox 811 2241 961 2336; x_wconf 73' lang='lat' dir='ltr'><strong>Valerii.</strong></span> <span class='ocrx_word' id='word_1_95' title='bbox 975 2241 1049 2335; x_wconf 75' lang='lat' dir='ltr'><strong>Ego</strong></span> <span class='ocrx_word' id='word_1_96' title='bbox 1065 2264 1154 2310; x_wconf 84' lang='lat' dir='ltr'><strong>vero</strong></span> 
     </span>
     <span class='ocr_line' id='line_1_19' title="bbox 224 2331 1154 2404; baseline 0 -2"><span class='ocrx_word' id='word_1_97' title='bbox 224 2332 347 2402; x_wconf 83' lang='lat' dir='ltr'><strong>nullne</strong></span> <span class='ocrx_word' id='word_1_98' title='bbox 381 2331 509 2402; x_wconf 89' lang='lat' dir='ltr'><strong>dubito</strong></span> <span class='ocrx_word' id='word_1_99' title='bbox 570 2335 633 2402; x_wconf 88' lang='lat' dir='ltr'><strong>niu</strong></span> <span class='ocrx_word' id='word_1_100' title='bbox 656 2333 824 2403; x_wconf 84' lang='lat' dir='ltr'><strong>Barthioe</strong></span> <span class='ocrx_word' id='word_1_101' title='bbox 852 2355 934 2404; x_wconf 77' lang='lat' dir='ltr'><strong>erm</strong></span> <span class='ocrx_word' id='word_1_102' title='bbox 972 2333 1154 2403; x_wconf 81' lang='lat' dir='ltr'><strong>inficetum</strong></span> 
     </span>
     <span class='ocr_line' id='line_1_20' title="bbox 223 2357 1153 2524; baseline 0.003 -31"><span class='ocrx_word' id='word_1_103' title='bbox 223 2425 409 2495; x_wconf 75' lang='lat' dir='ltr'><strong>historiam</strong></span> <span class='ocrx_word' id='word_1_104' title='bbox 433 2357 658 2520; x_wconf 71' lang='lat' dir='ltr'><strong>poeteierit,</strong></span> <span class='ocrx_word' id='word_1_105' title='bbox 685 2450 778 2520; x_wconf 81' lang='lat' dir='ltr'><strong>quae</strong></span> <span class='ocrx_word' id='word_1_106' title='bbox 801 2430 1031 2524; x_wconf 80' lang='lat' dir='ltr'><strong>Argentorati</strong></span> <span class='ocrx_word' id='word_1_107' title='bbox 1056 2427 1153 2497; x_wconf 82' lang='lat' dir='ltr'><strong>edita</strong></span> 
     </span>
     <span class='ocr_line' id='line_1_21' title="bbox 224 2519 1153 2615; baseline 0.002 -29"><span class='ocrx_word' id='word_1_108' title='bbox 224 2519 311 2589; x_wconf 88' lang='lat' dir='ltr'><strong>olim</strong></span> <span class='ocrx_word' id='word_1_109' title='bbox 327 2540 396 2601; x_wconf 76' lang='lat' dir='ltr'><strong>est,</strong></span> <span class='ocrx_word' id='word_1_110' title='bbox 414 2520 536 2604; x_wconf 75' lang='lat' dir='ltr'><strong>cuiue,</strong></span> <span class='ocrx_word' id='word_1_111' title='bbox 555 2538 701 2614; x_wconf 80' lang='lat' dir='ltr'><strong>praeter</strong></span> <span class='ocrx_word' id='word_1_112' title='bbox 717 2522 931 2614; x_wconf 74' lang='lat' dir='ltr'><strong>impressum</strong></span> <span class='ocrx_word' id='word_1_113' title='bbox 948 2522 1153 2615; x_wconf 80' lang='lat' dir='ltr'><strong>exemplar,</strong></span> 
     </span>
     <span class='ocr_line' id='line_1_22' title="bbox 222 2612 1154 2707; baseline 0.005 -27"><span class='ocrx_word' id='word_1_114' title='bbox 222 2613 337 2683; x_wconf 81' lang='lat' dir='ltr'>codex</span> <span class='ocrx_word' id='word_1_115' title='bbox 366 2637 514 2707; x_wconf 91' lang='lat' dir='ltr'><strong>quoque</strong></span> <span class='ocrx_word' id='word_1_116' title='bbox 551 2612 762 2684; x_wconf 68' lang='lat' dir='ltr'><strong>chartaceus</strong></span> <span class='ocrx_word' id='word_1_117' title='bbox 793 2612 988 2688; x_wconf 76' lang='lat' dir='ltr'><strong>Mediolani</strong></span> <span class='ocrx_word' id='word_1_118' title='bbox 1013 2633 1090 2684; x_wconf 87' lang='lat' dir='ltr'><strong>tom</strong></span> <span class='ocrx_word' id='word_1_119' title='bbox 1114 2617 1154 2686; x_wconf 87' lang='lat' dir='ltr'><strong>io</strong></span> 
     </span>
     <span class='ocr_line' id='line_1_23' title="bbox 221 2705 1155 2789; baseline 0.005 -16"><span class='ocrx_word' id='word_1_120' title='bbox 221 2707 449 2777; x_wconf 74' lang='lat' dir='ltr'><strong>ambrosiana</strong></span> <span class='ocrx_word' id='word_1_121' title='bbox 489 2705 714 2778; x_wconf 76' lang='lat' dir='ltr'><strong>bibliotheca</strong></span> <span class='ocrx_word' id='word_1_122' title='bbox 753 2725 955 2789; x_wconf 78' lang='lat' dir='ltr'><strong>servatur,</strong></span> <span class='ocrx_word' id='word_1_123' title='bbox 1000 2726 1075 2776; x_wconf 88' lang='lat' dir='ltr'><strong>tum</strong></span> <span class='ocrx_word' id='word_1_124' title='bbox 1113 2707 1155 2778; x_wconf 84' lang='lat' dir='ltr'><strong>iu</strong></span> 
     </span>
     <span class='ocr_line' id='line_1_24' title="bbox 220 2799 1154 2893; baseline 0.002 -25"><span class='ocrx_word' id='word_1_125' title='bbox 220 2799 414 2893; x_wconf 81' lang='lat' dir='ltr'><strong>breydenei</strong></span> <span class='ocrx_word' id='word_1_126' title='bbox 431 2823 524 2871; x_wconf 75' lang='lat' dir='ltr'><strong>,mec</strong></span> <span class='ocrx_word' id='word_1_127' title='bbox 539 2803 565 2870; x_wconf 89' lang='lat' dir='ltr'><strong>l.</strong></span> <span class='ocrx_word' id='word_1_128' title='bbox 582 2823 650 2872; x_wconf 85' lang='lat' dir='ltr'><strong>vu.</strong></span> <span class='ocrx_word' id='word_1_129' title='bbox 669 2801 724 2870; x_wconf 74' lang='lat'><strong>25.</strong></span> <span class='ocrx_word' id='word_1_130' title='bbox 740 2803 849 2870; x_wconf 86' lang='lat' dir='ltr'><strong>Error</strong></span> <span class='ocrx_word' id='word_1_131' title='bbox 872 2817 992 2869; x_wconf 88' lang='lat' dir='ltr'><strong>autem</strong></span> <span class='ocrx_word' id='word_1_132' title='bbox 1014 2799 1154 2870; x_wconf 76' lang='lat' dir='ltr'><strong>Boethii</strong></span> 
     </span>
     <span class='ocr_line' id='line_1_25' title="bbox 220 2894 1154 2992; baseline -0.002 -31"><span class='ocrx_word' id='word_1_133' title='bbox 220 2897 376 2987; x_wconf 84' lang='lat' dir='ltr'><strong>primum</strong></span> <span class='ocrx_word' id='word_1_134' title='bbox 405 2918 450 2964; x_wconf 87' lang='lat' dir='ltr'><strong>ex</strong></span> <span class='ocrx_word' id='word_1_135' title='bbox 480 2917 523 2962; x_wconf 92' lang='lat' dir='ltr'><strong>eo</strong></span> <span class='ocrx_word' id='word_1_136' title='bbox 549 2897 789 2992; x_wconf 78' lang='lat' dir='ltr'><strong>coarguitur,</strong></span> <span class='ocrx_word' id='word_1_137' title='bbox 825 2894 921 2988; x_wconf 90' lang='lat' dir='ltr'><strong>quod</strong></span> <span class='ocrx_word' id='word_1_138' title='bbox 947 2899 1014 2977; x_wconf 82' lang='lat' dir='ltr'><strong>ait,</strong></span> <span class='ocrx_word' id='word_1_139' title='bbox 1040 2919 1061 2962; x_wconf 88' lang='lat' dir='ltr'><strong>a</strong></span> <span class='ocrx_word' id='word_1_140' title='bbox 1085 2894 1154 2963; x_wconf 87' lang='lat' dir='ltr'><strong>Sil·</strong></span> 
     </span>
     <span class='ocr_line' id='line_1_26' title="bbox 219 2985 1154 3058; baseline -0.003 -3"><span class='ocrx_word' id='word_1_141' title='bbox 219 3005 340 3056; x_wconf 78' lang='lat' dir='ltr'><strong>vestro</strong></span> <span class='ocrx_word' id='word_1_142' title='bbox 356 2986 504 3058; x_wconf 88' lang='lat' dir='ltr'><strong>Giraldo</strong></span> <span class='ocrx_word' id='word_1_143' title='bbox 520 2991 606 3056; x_wconf 76' lang='lat' dir='ltr'><strong>satie</strong></span> <span class='ocrx_word' id='word_1_144' title='bbox 623 3007 747 3057; x_wconf 86' lang='lat' dir='ltr'><strong>vetere</strong></span> <span class='ocrx_word' id='word_1_145' title='bbox 760 3008 911 3056; x_wconf 79' lang='lat' dir='ltr'><strong>anctore</strong></span> <span class='ocrx_word' id='word_1_146' title='bbox 927 2985 1022 3056; x_wconf 79' lang='lat' dir='ltr'><strong>hanc</strong></span> <span class='ocrx_word' id='word_1_147' title='bbox 1036 2986 1154 3055; x_wconf 85' lang='lat' dir='ltr'><strong>hieto·</strong></span> 
     </span>
     <span class='ocr_line' id='line_1_27' title="bbox 219 3078 1154 3175; baseline 0 -27"><span class='ocrx_word' id='word_1_148' title='bbox 219 3082 311 3170; x_wconf 83' lang='lat' dir='ltr'><strong>riam</strong></span> <span class='ocrx_word' id='word_1_149' title='bbox 345 3083 476 3162; x_wconf 79' lang='lat' dir='ltr'><strong>citari3</strong></span> <span class='ocrx_word' id='word_1_150' title='bbox 510 3104 634 3150; x_wconf 83' lang='lat' dir='ltr'><strong>rumne</strong></span> <span class='ocrx_word' id='word_1_151' title='bbox 657 3082 757 3175; x_wconf 88' lang='lat' dir='ltr'><strong>quod</strong></span> <span class='ocrx_word' id='word_1_152' title='bbox 783 3086 861 3149; x_wconf 85' lang='lat' dir='ltr'><strong>eine</strong></span> <span class='ocrx_word' id='word_1_153' title='bbox 888 3099 1071 3149; x_wconf 81' lang='lat' dir='ltr'><strong>auctorem</strong></span> <span class='ocrx_word' id='word_1_154' title='bbox 1096 3078 1154 3148; x_wconf 90' lang='lat' dir='ltr'><strong>di·</strong></span> 
     </span>
     <span class='ocr_line' id='line_1_28' title="bbox 220 3173 1154 3270; baseline -0.003 -27"><span class='ocrx_word' id='word_1_155' title='bbox 220 3174 270 3248; x_wconf 84' lang='lat' dir='ltr'><strong>cit</strong></span> <span class='ocrx_word' id='word_1_156' title='bbox 299 3175 439 3244; x_wconf 83' lang='lat' dir='ltr'><strong>romani</strong></span> <span class='ocrx_word' id='word_1_157' title='bbox 463 3176 638 3243; x_wconf 70' lang='lat' dir='ltr'><strong>sermonis</strong></span> <span class='ocrx_word' id='word_1_158' title='bbox 663 3179 841 3270; x_wconf 83' lang='lat' dir='ltr'><strong>ignarum.</strong></span> <span class='ocrx_word' id='word_1_159' title='bbox 869 3173 942 3240; x_wconf 86' lang='lat' dir='ltr'><strong>lam</strong></span> <span class='ocrx_word' id='word_1_160' title='bbox 967 3196 1074 3265; x_wconf 91' lang='lat' dir='ltr'><strong>qoem</strong></span> <span class='ocrx_word' id='word_1_161' title='bbox 1099 3174 1154 3241; x_wconf 90' lang='lat' dir='ltr'><strong>lo·</strong></span> 
     </span>
     <span class='ocr_line' id='line_1_29' title="bbox 218 3267 1152 3361; baseline 0.001 -28"><span class='ocrx_word' id='word_1_162' title='bbox 218 3289 300 3335; x_wconf 88' lang='lat' dir='ltr'><strong>cum</strong></span> <span class='ocrx_word' id='word_1_163' title='bbox 317 3267 484 3338; x_wconf 74' lang='lat' dir='ltr'><strong>Giraldns</strong></span> <span class='ocrx_word' id='word_1_164' title='bbox 501 3291 546 3334; x_wconf 86' lang='lat' dir='ltr'><strong>ex</strong></span> <span class='ocrx_word' id='word_1_165' title='bbox 570 3270 724 3361; x_wconf 87' lang='lat' dir='ltr'><strong>epietola</strong></span> <span class='ocrx_word' id='word_1_166' title='bbox 740 3267 940 3336; x_wconf 76' lang='lat' dir='ltr'><strong>Alexandri</strong></span> <span class='ocrx_word' id='word_1_167' title='bbox 955 3267 1002 3336; x_wconf 85' lang='lat' dir='ltr'><strong>td</strong></span> <span class='ocrx_word' id='word_1_168' title='bbox 1014 3272 1152 3335; x_wconf 81' lang='lat' dir='ltr'><strong>Ariete·</strong></span> 
     </span>
     <span class='ocr_line' id='line_1_30' title="bbox 217 3357 1153 3458; baseline 0.004 -32"><span class='ocrx_word' id='word_1_169' title='bbox 217 3360 326 3432; x_wconf 87' lang='lat' dir='ltr'><strong>telem</strong></span> <span class='ocrx_word' id='word_1_170' title='bbox 344 3362 483 3453; x_wconf 85' lang='lat' dir='ltr'><strong>profert</strong></span> <span class='ocrx_word' id='word_1_171' title='bbox 501 3369 513 3442; x_wconf 71' lang='lat' dir='ltr'><strong>l</strong></span> <span class='ocrx_word' id='word_1_172' title='bbox 528 3357 680 3458; x_wconf 78' lang='lat' dir='ltr'><strong>Topogr.</strong></span> <span class='ocrx_word' id='word_1_173' title='bbox 695 3362 846 3432; x_wconf 83' lang='lat' dir='ltr'><strong>Hibero.</strong></span> <span class='ocrx_word' id='word_1_174' title='bbox 864 3383 941 3452; x_wconf 81' lang='lat' dir='ltr'><strong>cap.</strong></span> <span class='ocrx_word' id='word_1_175' title='bbox 959 3383 1012 3428; x_wconf 81' lang='lat' dir='ltr'><strong>tv.</strong></span> <span class='ocrx_word' id='word_1_176' title='bbox 1028 3366 1041 3443; x_wconf 87' lang='lat'>)</span> <span class='ocrx_word' id='word_1_177' title='bbox 1058 3363 1089 3429; x_wconf 85' lang='lat' dir='ltr'><strong>io</strong></span> <span class='ocrx_word' id='word_1_178' title='bbox 1105 3361 1153 3430; x_wconf 83' lang='lat' dir='ltr'><strong>ad</strong></span> 
     </span>
     <span class='ocr_line' id='line_1_31' title="bbox 215 3452 1150 3550; baseline 0.003 -30"><span class='ocrx_word' id='word_1_179' title='bbox 215 3453 301 3523; x_wconf 89' lang='lat' dir='ltr'><strong>Iulii</strong></span> <span class='ocrx_word' id='word_1_180' title='bbox 317 3454 451 3523; x_wconf 84' lang='lat' dir='ltr'><strong>Valerii</strong></span> <span class='ocrx_word' id='word_1_181' title='bbox 468 3467 557 3545; x_wconf 80' lang='lat' dir='ltr'><strong>opus</strong></span> <span class='ocrx_word' id='word_1_182' title='bbox 572 3478 647 3524; x_wconf 88' lang='lat' dir='ltr'><strong>uon</strong></span> <span class='ocrx_word' id='word_1_183' title='bbox 662 3457 838 3550; x_wconf 85' lang='lat' dir='ltr'><strong>pertinet,</strong></span> <span class='ocrx_word' id='word_1_184' title='bbox 870 3452 932 3524; x_wconf 75' lang='lat' dir='ltr'><strong>sed</strong></span> <span class='ocrx_word' id='word_1_185' title='bbox 963 3453 1009 3522; x_wconf 87' lang='lat' dir='ltr'><strong>ed</strong></span> <span class='ocrx_word' id='word_1_186' title='bbox 1035 3454 1150 3524; x_wconf 82' lang='lat' dir='ltr'><strong>hieto·</strong></span> 
     </span>
     <span class='ocr_line' id='line_1_32' title="bbox 158 3547 1150 3642; baseline 0.002 -28"><span class='ocrx_word' id='word_1_187' title='bbox 158 3551 165 3565; x_wconf 87' lang='lat'>&#39;</span> <span class='ocrx_word' id='word_1_188' title='bbox 216 3547 308 3616; x_wconf 80' lang='lat' dir='ltr'><strong>riam</strong></span> <span class='ocrx_word' id='word_1_189' title='bbox 326 3547 602 3633; x_wconf 65' lang='lat' dir='ltr'><strong>echolisinam,</strong></span> <span class='ocrx_word' id='word_1_190' title='bbox 627 3573 647 3617; x_wconf 94' lang='lat' dir='ltr'><strong>e</strong></span> <span class='ocrx_word' id='word_1_191' title='bbox 675 3571 746 3642; x_wconf 84' lang='lat' dir='ltr'><strong>qna</strong></span> <span class='ocrx_word' id='word_1_192' title='bbox 762 3569 890 3638; x_wconf 69' lang='lat' dir='ltr'><strong>reapse</strong></span> <span class='ocrx_word' id='word_1_193' title='bbox 907 3570 945 3616; x_wconf 83' lang='lat' dir='ltr'><strong>ee</strong></span> <span class='ocrx_word' id='word_1_194' title='bbox 960 3547 1150 3616; x_wconf 75' lang='lat' dir='ltr'><strong>desumere</strong></span> 
     </span>
     <span class='ocr_line' id='line_1_33' title="bbox 217 3639 1151 3731; baseline 0.007 -26"><span class='ocrx_word' id='word_1_195' title='bbox 217 3639 387 3709; x_wconf 86' lang='lat' dir='ltr'><strong>eumdem</strong></span> <span class='ocrx_word' id='word_1_196' title='bbox 413 3639 583 3710; x_wconf 80' lang='lat' dir='ltr'><strong>Giraldne</strong></span> <span class='ocrx_word' id='word_1_197' title='bbox 607 3643 667 3710; x_wconf 81' lang='lat' dir='ltr'><strong>eit.</strong></span> <span class='ocrx_word' id='word_1_198' title='bbox 684 3642 755 3731; x_wconf 84' lang='lat' dir='ltr'><strong>Qui</strong></span> <span class='ocrx_word' id='word_1_199' title='bbox 779 3663 869 3710; x_wconf 83' lang='lat' dir='ltr'><strong>vero</strong></span> <span class='ocrx_word' id='word_1_200' title='bbox 894 3641 1026 3711; x_wconf 88' lang='lat' dir='ltr'><strong>lulium</strong></span> <span class='ocrx_word' id='word_1_201' title='bbox 1045 3643 1151 3712; x_wconf 87' lang='lat' dir='ltr'><strong>Vale·</strong></span> 
     </span>
     <span class='ocr_line' id='line_1_34' title="bbox 216 3733 1151 3830; baseline 0.001 -28"><span class='ocrx_word' id='word_1_202' title='bbox 216 3733 311 3809; x_wconf 86' lang='lat' dir='ltr'><strong>rium</strong></span> <span class='ocrx_word' id='word_1_203' title='bbox 346 3734 533 3804; x_wconf 81' lang='lat' dir='ltr'><strong>latinitatii</strong></span> <span class='ocrx_word' id='word_1_204' title='bbox 567 3735 734 3830; x_wconf 82' lang='lat' dir='ltr'><strong>ignarum</strong></span> <span class='ocrx_word' id='word_1_205' title='bbox 759 3733 926 3816; x_wconf 80' lang='lat' dir='ltr'><strong>diceret,</strong></span> <span class='ocrx_word' id='word_1_206' title='bbox 958 3735 1059 3804; x_wconf 79' lang='lat' dir='ltr'><strong>iude</strong></span> <span class='ocrx_word' id='word_1_207' title='bbox 1085 3757 1151 3803; x_wconf 83' lang='lat' dir='ltr'><strong>tua</strong></span> 
     </span>
     <span class='ocr_line' id='line_1_35' title="bbox 215 3827 1153 3921; baseline 0.002 -27"><span class='ocrx_word' id='word_1_208' title='bbox 215 3827 338 3919; x_wconf 68' lang='lat' dir='ltr'><strong>potius</strong></span> <span class='ocrx_word' id='word_1_209' title='bbox 361 3828 506 3898; x_wconf 77' lang='lat' dir='ltr'><strong>inscitia</strong></span> <span class='ocrx_word' id='word_1_210' title='bbox 532 3827 775 3902; x_wconf 85' lang='lat' dir='ltr'><strong>confiteretur.</strong></span> <span class='ocrx_word' id='word_1_211' title='bbox 792 3827 845 3896; x_wconf 92' lang='lat' dir='ltr'><strong>Ne</strong></span> <span class='ocrx_word' id='word_1_212' title='bbox 862 3828 989 3921; x_wconf 78' lang='lat' dir='ltr'><strong>plura3</strong></span> <span class='ocrx_word' id='word_1_213' title='bbox 1012 3827 1153 3898; x_wconf 75' lang='lat' dir='ltr'><strong>Boethii</strong></span> 
     </span>
    </p>
   </div>
   <div class='ocr_carea' id='block_1_3' title="bbox 0 0 1560 4934">
    <p class='ocr_par' dir='ltr' id='par_1_6' title="bbox 0 0 1560 4934">
     <span class='ocr_line' id='line_1_36' title="bbox 0 0 1560 4934; baseline 0 2"><span class='ocrx_word' id='word_1_214' title='bbox 0 0 1560 4934; x_wconf 95' lang='lat' dir='ltr'><strong> </strong></span> 
     </span>
    </p>
   </div>
  </div>
 </body>
</html>
