3109 4934
68 737 212 784 aetem·

30 806 85 850 riou
100 805 211 870 aliaeque

26 874 106 934 [mae.

504 509 614 618 sev
639 544 768 616 mem
792 547 853 618 111.
935 555 938 560 ·
1102 530 1177 618 ι’ω,

289 693 500 782 XXVII.»
520 699 618 779 Tum
632 701 675 781 in
691 700 761 781 ilio
764 697 1050 810 promuntorio,
1063 704 1168 784 atius

229 848 256 898 >r
288 846 404 930 supra
423 822 539 932 saeta
567 839 624 902 est
652 822 814 917 ntentio,
836 817 1000 902 bestiam
1019 849 1184 932 quoque

230 970 257 1018 >r
286 939 446 1019 vidium
465 940 706 1051 praegrandi
735 938 950 1023 admodum
976 960 1014 1023 et
1043 944 1169 1053 inopi·

228 1089 256 1140 r>
286 1057 409 1140 nobili
450 1059 746 1168 magnitudine,
782 1088 906 1168 quam
944 1059 1169 1142 Hebdoma-

229 1208 256 1259 ›r
286 1181 429 1262 dorion
458 1199 619 1274 vocant,
649 1177 749 1261 adeo
787 1181 996 1260 irnrrtensae
1020 1203 1165 1291 poten·

228 1329 256 1379 >r
285 1303 366 1382 tiae
387 1319 437 1400 ur,
456 1321 498 1378 ut
518 1299 579 1381 iili
593 1299 785 1411 perfacile
810 1300 1017 1381 insistentes
1043 1301 1165 1382 ctiam

119 1443 124 1452 ·
225 1447 252 1499 >r
285 1449 393 1530 super
412 1417 802 1530 dorsumeiephantos
815 1445 1059 1502 temeramus.
1074 1423 1163 1504 Hae

226 1568 254 1618 >r
285 1541 406 1648 igitur
435 1539 648 1651 spectaculi
666 1538 864 1648 foeditate
891 1541 991 1620 aaa
1018 1542 1090 1620 iter
1107 1539 1166 1620 ad
1296 1631 1302 1655 ἱ
1429 1539 1434 1548 ’

227 1688 254 1736 >r
285 1657 512 1740 Prasiacom
533 1655 776 1769 repedarmu,
798 1686 872 1768 per
899 1687 996 1766 quas
1023 1657 1162 1768 ubique

229 1807 256 1855 >r
288 1775 484 1862 vastitates
513 1775 636 1858 melta
654 1779 838 1889 ferarum
871 1780 1031 1859 nomina
1059 1779 1161 1860 mul·

227 1925 265 1976 >r¹
286 1919 418 2006 casque
476 1897 666 1981 eiusmodi
730 1897 979 1981 saevimdtnis
1028 1899 1159 2010 facies

226 2043 254 2096 >s
286 2038 370 2099 erat
400 2019 547 2102 videre:
579 2019 815 2130 serpentium
843 2045 992 2127 quoque
1015 2047 1160 2128 genera

227 2164 254 2218 >r
281 2136 544 2252 permiranda
591 2137 677 2220 Illic
734 2159 771 2216 ec
824 2137 913 2218 solis
971 2141 1161 2246 lunaeque

228 2285 262 2334 >2
287 2256 451 2368 deffectio
481 2260 692 2340 conanimis
722 2259 842 2340 etiam
881 2259 1065 2370 speadati
1094 2288 1160 2340 su·

227 2405 255 2454 >r
285 2405 395 2476 mus,
434 2399 471 2458 et
510 2405 644 2458 causas
690 2376 827 2460 hiemis
869 2399 906 2460 et
948 2401 1162 2489 tenporruu

226 2523 254 2576 >r
287 2491 522 2606 differentias
550 2497 737 2579 arbitrati.
772 2497 857 2596 Quo
891 2503 1068 2610 primum
1095 2525 1156 2581 re·

226 2643 256 2694 »
285 2619 401 2718 versi,
438 2639 482 2699 ut
505 2621 693 2730 inspecta
737 2641 857 2716 sunt,
898 2648 961 2701 vos
1009 2646 1157 2728 quoque

225 2761 263 2814 >r
276 2739 520 2849 participare
540 2738 774 2818 artavimus.

88 2885 139 2934 rm
155 2887 210 2936 a·
283 2855 475 2942 XXVIII.
500 2888 527 2936 >s
545 2858 665 2940 Nunc
682 2859 787 2938 enim
800 2855 913 2941 nobis
925 2859 995 2940 iter
1004 2875 1079 2968 pe‘r
1098 2881 1173 2940 re-'

52 2957 144 3001 sunere·
164 2973 207 3018 per

53 3026 208 3090 Dariiregna.

224 3009 249 3057 >r
278 3005 364 3088 gna
391 2979 509 3061 Darii
539 2975 747 3083 Persasque
780 2997 930 3059 nostros
968 2981 1155 3086 aguano:

226 3128 253 3176 >r
283 3123 402 3204 quarn
420 3128 511 3180 cum
540 3122 696 3178 omnem
717 3121 931 3208 peragrare
958 3099 1158 3207 regionem

225 3247 253 3298 >r
283 3217 398 3300 cordi
445 3215 679 3309 habeamus,
722 3215 849 3296 multo
886 3215 1026 3324 ubique
1059 3243 1154 3298 arao

224 3363 252 3416 >r
272 3325 489 3444 'nudusque
518 3330 731 3416 crateribus
749 3332 1048 3433 habundantia,
1075 3360 1155 3416 non

148 3455 151 3462 '
224 3485 253 3532 s)
283 3455 342 3536 his
382 3483 432 3536 ex
460 3481 559 3536 auro
589 3452 709 3534 modo
738 3459 906 3537 materia
938 3457 1153 3566 pretiosis,

225 3603 251 3653 >r
284 3602 412 3656 oerum
457 3573 569 3684 longe
610 3573 793 3696 lapidum
825 3573 909 3656 luce
936 3573 1153 3658 maioribus.

259 3855 294 3910 (a)
312 3853 371 3900 coe.
402 3853 458 3901 adeo
483 3853 556 3900 nessa·
572 3853 675 3914 porentia
702 3867 756 3900 rem.

1065 3915 1078 3968 l
1145 3873 1149 3880 .
