3109 4934
373 503 416 574 26
624 499 879 574 ALEXANDRI
904 499 1047 574 ORTVS

368 653 508 753 verbo,
550 656 657 764 quod
685 657 873 737 remissior
907 683 1022 736 orcus
1053 675 1093 738 et
1134 657 1298 738 interitio
1343 712 1347 717 -

367 778 556 888 sagittam
585 773 796 860 inbecillius
831 775 1013 886 exegisset
1038 803 1145 886 porc
1179 797 1303 860 conon

367 895 476 980 istud
490 897 650 1006 factum
669 911 706 978 (⁴)
737 895 865 980 videri.
893 895 960 976 Ex
987 892 1116 1001 eoque
1135 896 1242 978 dicto
1261 909 1300 966 (ὃ)

366 1015 620 1099 Parmonicun
649 1019 769 1098 etium
789 1036 886 1127 post
909 1017 1185 1124 frequentatae
1211 1014 1299 1096 urbi

367 1131 510 1220 nomen
539 1135 682 1220 ibidem
711 1137 849 1220 dotwn
878 1155 925 1215 tu.

237 1301 324 1347 .,··
430 1253 521 1336 XX.
550 1253 660 1338 Hinc
689 1283 820 1371 porro
849 1253 901 1337 ad
931 1254 1085 1353 locum,
1110 1253 1184 1367 qui
1208 1254 1300 1338 vul·

369 1403 422 1490 go
453 1373 662 1498 Taposiris
692 1373 925 1472 diceretur,
959 1373 1127 1489 appulit
1152 1373 1323 1511 unquis

367 1522 464 1578 rens
485 1515 620 1578 nutem
639 1515 665 1568 ι
665 1515 676 1568 >
696 1494 873 1579 nominis
891 1523 1057 1580 causam
1077 1494 1225 1607 accipit
1244 1497 1297 1578 ab

367 1611 575 1727 indigenis
596 1615 861 1730 sepulchrum
882 1612 1069 1698 Osiridos
1088 1614 1172 1697 illic
1190 1643 1296 1714 esse,

368 1737 482 1846 quod
513 1763 537 1816 ιι
569 1734 698 1820 veteri
730 1734 1028 1849 compositione
1060 1756 1301 1848 corruptum

1542 1326 1552 1409 l

201 1953 207 1965 ι
231 1881 352 1929 imon-
370 1853 635 1967 Taposiridus
656 1853 789 1939 dictus
810 1875 927 1938 esset
948 1856 1183 1968 Operatus
1171 1856 1297 1970 rgimr

200 1965 258 2066 ¹³¹5..
285 1967 354 1998 ‘¹⁸⁹'
370 1973 500 2058 illicce
530 1976 649 2074 Deo,
693 1976 746 2060 ad
775 1976 821 2058 id
849 1974 931 2059 loci
961 1976 1130 2074 transit,
1173 2003 1295 2088 quem

370 2116 581 2178 extensum
593 2093 761 2206 quidem
776 2095 916 2208 magni
931 2118 972 2178 et
989 2095 1127 2178 uberis
1144 2123 1296 2206 aequo-

367 2213 424 2297 ris
454 2214 760 2329 pulchritudine
796 2213 997 2314 miratur,
1038 2213 1297 2330 frequentem

368 2353 502 2418 autem
533 2357 567 2409 <o
601 2335 949 2420 commanentium
987 2334 1294 2420 conventiculis.

363 2453 551 2537 Sedecim
572 2454 726 2571 quippe
746 2473 787 2538 et
807 2473 844 2532 (ἰ
862 2457 990 2540 instar
1008 2454 1174 2539 urbium
1195 2454 1295 2538 vicis

300 2655 302 2660 .
368 2573 571 2658 decoriter
600 2575 822 2660 admodum
845 2574 1047 2661 distinctis
1078 2595 1201 2690 utque
1231 2573 1295 2655 di·

366 2693 530 2806 opositis
566 2693 775 2795 consistit,
812 2723 993 2809 quorum
1021 2692 1296 2810 magnitudini

367 2813 500 2898 ho‘nor
530 2835 572 2900 et
594 2845 694 2902 curu
714 2813 984 2902 deferebatur.
1019 2815 1096 2900 His
1116 2812 1295 2899 sedecim

399 3043 589 3110 (ametistorum.
616 3046 649 3103 (l)
666 3045 826 3094 cenatum
852 3048 884 3102 le>
900 3045 1051 3091 coum
1079 3043 1115 3101 (ἰ)
1131 3045 1167 3090 lte
1184 3044 1239 3090 eod.
1256 3053 1287 3090 et.

403 3190 444 3255 (r)
463 3184 567 3240 Noster
587 3185 704 3258 quidem
727 3189 833 3260 Auctor
853 3188 994 3258 originem
1014 3186 1136 3240 nominis
1157 3184 1293 3240 Peneio-

364 3263 406 3338 nii
418 3281 519 3331 perum
532 3265 702 3321 credibilem
717 3265 839 3320 oleret:
859 3263 1004 3319 Sedenim
1020 3264 1097 3317 hund
1117 3264 1209 3317 levino
1223 3280 1293 3332 pec-

366 3353 448 3392 cetur
468 3341 498 3394 in
527 3339 687 3396 Ennebinno
717 3345 857 3397 chronico
886 3361 952 3396 eum
988 3340 1097 3395 dicitnr
1126 3341 1292 3395 Alexander

362 3430 429 3484 poet
440 3415 590 3488 Hyrcano·
616 3433 644 3470 er
662 3417 780 3474 Mardos
793 3433 892 3490 cepto·
912 3436 1067 3486 urerent,
1086 3420 1117 3473 in
1137 3417 1293 3478 Hammone

365 3495 377 3558 (
400 3491 680 3626 ιὲιιάἰΗιειιιιιιοιιίι)
713 3495 912 3551 Paraetonium
943 3500 955 3566 (
988 3515 1040 3552 eeu
1071 3494 1255 3550 Percennium
1278 3498 1293 3562 )

364 3586 418 3622 eon
443 3587 451 3624 ι
477 3587 515 3622 ιιι

402 3650 445 3716 (2)
465 3645 535 3700 Cod.
563 3661 658 3714 tenen.
685 3647 763 3704 Parti
767 3650 862 3704 cnlnrn
890 3649 1006 3705 ecilieet
1032 3657 1164 3721 prienam
1184 3643 1222 3706 dl
1235 3665 1293 3701 non

362 3739 450 3779 autern
469 3741 499 3776 ee
502 3723 521 3776 d
540 3742 625 3781 tanen
645 3742 692 3779 ece
677 3744 730 3798 epe
751 3726 785 3784 ··1
805 3726 940 3784 Valerius
959 3727 1107 3803 explicet,
1133 3729 1213 3800 quod
1243 3722 1292 3780 rix

363 3799 553 3871 probibem..
