3109 4934
411 563 475 635 ῳ
648 543 903 618 aruxaunnr
927 543 1087 618 osrrvs

406 726 433 775 n
464 687 611 778 litteris
639 693 721 778 tuis
741 721 970 808 ‚magnum
990 691 1212 776 admodum
1232 722 1329 778 con·

405 845 432 894 n
466 813 643 898 silium
631 815 885 900 rncentivum
932 811 1200 926 praestitisti,
1250 845 1330 928 quo

406 967 434 1016 »
466 935 628 1019 nobis
617 965 660 1036 rn
691 964 765 1020 vos
797 933 1043 1048 dispositum
1062 953 1127 1016 est
1144 933 1330 1016 militare

406 1085 434 1136 n
466 1055 580 1140 Dicis
612 1053 755 1152 enim,
787 1053 891 1138 nihil
932 1051 1137 1137 eiusmodi
1179 1054 1330 1137 habere

406 1206 434 1256 >›
465 1173 651 1260 Graecos
682 1175 796 1286 quod
824 1171 878 1258 sit
907 1171 1080 1287 dignum
1130 1173 1182 1256 ad
1232 1203 1332 1288 opu·

405 1326 433 1378 >s
462 1294 632 1378 lentiam
680 1315 895 1378 vestram:
943 1321 1020 1377 vos
1064 1321 1166 1378 vero
1216 1294 1328 1378 hisce

406 1443 433 1494 n
464 1441 554 1498 esse
584 1411 773 1498 omnibus
805 1407 1015 1498 affluentes
1031 1439 1138 1526 quae
1169 1411 1252 1496 siut
1280 1413 1331 1497 ad

405 1563 432 1614 n
462 1531 755 1619 beatitudinem
785 1535 1030 1619 necessaria.
1055 1533 1184 1617 Addis
1212 1563 1331 1647 prae·

405 1685 433 1734 »
463 1675 576 1740 terea
591 1679 740 1770 operae
756 1673 793 1726 ‹⁴›
806 1653 987 1767 pretium
1024 1654 1278 1738 considerari
1293 1665 1326 1732 (ὁ

405 1802 432 1854 »
462 1775 731 1858 militantibus
763 1793 981 1885 oportere,
1012 1773 1074 1858 uti
1094 1803 1149 1857 ne
1177 1771 1328 1858 frustra

402 1924 429 1974 »
461 1897 682 1978 laboretur.
723 1893 888 1998 Quibus
937 1896 1129 1978 omnibus
1176 1895 1327 1994 doces,

401 2041 428 2092 >›
462 2014 574 2136 quod
603 2043 678 2098 nos
727 2041 895 2126 quoque
947 2015 1122 2099 alacrius
1169 2017 1222 2099 ad
1253 2043 1327 2101 vos

401 2161 429 2211 n
459 2135 627 2219 tendere
659 2135 917 2234 debeamus,
946 2134 1057 2222 unde
1072 2133 1192 2218 nobis
1221 2135 1322 2220 haec

399 2281 427 2333 n
462 2277 610 2339 cuncta
660 2283 767 2368 quae
814 2254 918 2339 adeo
962 2283 1039 2340 ros
1081 2252 1327 2369 praedicatis

400 2403 427 2455 n
462 2373 720 2460 accesserint.
752 2375 901 2457 Fateor
930 2375 1040 2459 enim
1087 2375 1190 2458 nihil
1238 2403 1326 2460 esse

401 2521 429 2573 s>
460 2493 635 2578 Graecis
666 2493 867 2579 eiusmodi
897 2523 1074 2605 quorum
1104 2524 1181 2579 vos
1223 2496 1327 2580 ‹livi-

263 2681 274 2688 .
399 2613 527 2698 »tiis
558 2613 823 2728 gloriamini,
854 2637 978 2726 atque
1017 2612 1179 2699 idcirco
1221 2615 1328 2700 indi·

400 2764 428 2813 2>
458 2755 600 2847 gentes
630 2734 849 2820 meliorum
880 2765 905 2818 a
934 2735 1227 2852 vobis·petere
1257 2765 1328 2820 ne-

400 2881 428 2946 »
461 2881 649 2940 cessans.

458 2975 565 3060 VIII.
595 2975 699 3058 Illud
729 3003 831 3061 vero
860 2973 1115 3074 ridiculum,
1157 2997 1204 3060 ut
1235 3003 1330 3059 cum

397 3125 424 3174 >›
458 3117 503 3178 te
530 3097 789 3182 homunculis
831 3092 1064 3208 praeferas,
1106 3115 1195 3178 tum
1238 3095 1329 3179 Diis

398 3244 426 3294 >›
457 3244 622 3328 quoque
666 3217 873 3332 potiorem
922 3239 1012 3298 esse
1059 3215 1326 3329 pronunties:

348 3438 351 3444 Ι
400 3356 428 3411 n
459 3335 572 3445 quod
602 3338 645 3418 ni
677 3339 840 3422 adesset
869 3335 1015 3420 litteris
1044 3334 1158 3437 tuis,
1186 3338 1230 3420 in
1262 3363 1329 3418 re·

305 3489 309 3496 ·
395 3480 423 3530 s>
456 3453 576 3564 liquis
604 3453 756 3540 fiducia
785 3455 1038 3540 fortitudinis
1068 3455 1152 3540 dici
1180 3475 1328 3570 posset

397 3601 424 3650 n
456 3571 663 3678 Quoniam
684 3604 785 3660 vero
804 3575 920 3661 hisce
944 3605 1028 3659 non
1048 3597 1254 3692 temperas
1274 3595 1328 3676 (ι),

431 3847 465 3900 (ι)
482 3841 543 3890 (Μ.
559 3857 629 3908 opere.
647 3811 683 3903 (i)
698 3845 759 3892 Coi.
778 3845 896 3894 esuriisti.
914 3849 946 3906 (r)
963 3847 1023 3896 eod.
1040 3859 1156 3914 torpeas.
