3109 4934
565 509 818 583 ALEXANDRI
1116 513 1162 582 53

231 661 343 750 metu
371 689 528 776 poenae
553 687 603 750 tu·
630 688 788 778 septem
822 667 947 748 urbes
977 660 1163 746 consulto

232 783 323 899 pari
354 813 523 900 graecos
555 786 744 869 custodes
774 782 1022 868 interimunt.
1054 783 1164 884 Qua·

115 991 119 998 ,
231 933 324 987 rum
362 933 468 1016 quae
513 903 612 1018 Cyri
642 903 785 990 civitas
836 903 943 985 dicta
975 905 1165 986 Craterus

232 1025 357 1106 multa
395 1054 491 1108 eum
520 1022 696 1107 militum
733 1051 859 1106 manu
887 1020 1061 1104 mittitur
1081 1022 1166 1103 ob-

233 1171 444 1243 sessurus,
465 1173 548 1228 neu
569 1142 672 1255 quid
692 1145 800 1228 ultra
817 1141 987 1225 liberius
1003 1158 1165 1252 queant.

232 1264 326 1374 Ipse
361 1263 522 1348 Gazam
551 1261 687 1378 primo
732 1291 955 1378 congressu
984 1260 1165 1370 aliasque
1291 1330 1293 1337 .

232 1391 423 1496 quattuor
453 1382 582 1468 hiduo
614 1381 734 1496 capit.

87 1539 219 1600 emptu
295 1503 523 1587 LXXXIII.
555 1505 659 1586 Tum
690 1505 789 1618 Cyri
820 1501 1057 1617 adgreditur
1086 1499 1167 1584 situ

19 1620 209 1688 -'¹¹'¹¹⁸'²⁸²⁸'·
236 1620 447 1732 murisque
478 1621 777 1723 firmissimam,
819 1653 942 1736 quam
973 1647 1057 1709 xv·
1087 1621 1168 1706 sci-

235 1738 335 1825 licet
362 1765 614 1829 armatorum
644 1741 755 1826 milia
794 1763 1032 1844 tuerentur,
1053 1741 1166 1826 nulla

234 1861 475 1946 victualium
505 1882 540 1938 (ὃ)
569 1861 823 1978 indigentia:
867 1865 1036 1975 Iamque
1080 1889 1167 1946 ma-

237 1980 370 2065 chinis
400 1981 447 2065 in
475 1982 519 2065 id
551 1982 724 2068 admotis
748 1989 818 2084 la,
863 2007 1032 2098 repente
1081 2011 1167 2066 am·

235 2129 363 2200 nem,
405 2122 452 2185 ut
496 2099 609 2215 prius
656 2102 793 2187 animo
841 2105 1167 2217 praesumserat,

235 2222 305 2330 qui
329 2250 420 2306 eam
440 2225 587 2306 urbem
608 2223 770 2338 agmine
791 2222 957 2331 turbido
979 2237 1015 2299 (a
1042 2221 1168 2306 inter-

236 2338 355 2441 uuit,
387 2341 534 2426 transit
582 2342 818 2427 Alexander
861 2343 1047 2454 nihilque
1078 2338 1167 2453 opi-

235 2482 378 2546 nantes
427 2465 655 2545 obtruncat.
706 2464 823 2547 Tunc
866 2492 1011 2548 secure
1052 2458 1168 2546 urbis

237 2577 326 2664 eius
354 2581 533 2694 potitum
564 2612 609 2666 se
646 2602 760 2666 ratus
802 2582 941 2668 animo
983 2581 1170 2669 deferve-

237 2711 311 2782 rat.
351 2701 499 2814 Neque
547 2701 702 2818 inpune
744 2703 790 2787 id
829 2724 900 2787 aut
946 2699 1171 2788 modestiae

152 2931 157 2938 ,
237 2817 410 2904 merito:
442 2818 591 2906 acriter
639 2819 749 2904 enirn
796 2820 956 2908 incolae
999 2848 1172 2936 congre·

239 2940 326 3053 gati
360 2938 468 3027 inter
497 2941 652 3056 primos
683 2939 755 3052 qui
795 2940 1038 3056 inruperant
1078 2941 1205 3024 Ata·

241 3060 448 3144 xandrum
480 3091 645 3173 quoque
681 3089 781 3144 saxo
825 3084 949 3177 capnt
994 3060 1175 3178 graviter

244 3178 476 3264 vulnerant.
523 3182 605 3264 Sed
646 3191 732 3264 non
776 3210 828 3266 eo
858 3182 992 3266 secius
1017 3205 1050 3258 ‹e›
1075 3176 1175 3262 inri-

247 3297 344 3380 tatis
374 3298 577 3412 :protinus
621 3299 805 3385 Graecis·
842 3300 1002 3414 capitur
1030 3298 1173 3386 civitas

244 3436 555 3530 vastaturque,
612 3417 744 3504 nihilo
793 3418 928 3504 minus
982 3449 1078 3536 rege
1127 3417 1173 3504 in

280 3731 315 3783 (ι)
332 3729 390 3774 cod
405 3745 484 3790 poene.
494 3730 526 3785 (ll
545 3729 603 3776 coe
613 3727 672 3776 nulli
686 3727 869 3788 rietschium
885 3729 945 3776 coa.
961 3727 1095 3793 mrim)
1111 3729 1173 3779 uod.

245 3795 312 3844 meli.
339 3804 371 3856 (ι)
388 3798 447 3845 God.
464 3797 511 3846 Sed
524 3813 564 3844 mr
580 3813 617 3844 m
634 3798 699 3844 etius.
952 3835 958 3846 .
995 3833 1024 3844 ..
