3109 4934
589 563 668 634 SEV
692 562 819 633 LIBER
844 563 904 634 111.
1149 563 1213 659 169

280 744 308 798 t>
341 709 424 800 dtes'
466 715 630 824 quinque
677 716 953 826 transegimus.
1001 715 1210 800 Entmero

281 867 307 916 >r
341 861 428 917 cum
457 856 568 916 sexta
599 837 693 916 iam
710 837 856 948 reditui
887 839 1177 920 consuleremus
1194 897 1211 932 ,

280 987 306 1034 »
339 959 434 1038 talis
464 952 572 1036 nobis
602 952 765 1036 obicitur
782 955 1010 1039 admiratio.
1036 956 1217 1039 Prinurm

279 1103 306 1157 >r
338 1075 495 1184 quidem
522 1077 623 1156 venti
642 1075 801 1188 spiritus
825 1074 1023 1158 vehemens
1053 1098 1091 1158 et
1116 1105 1213 1189 pro·

278 1225 306 1276 »
339 1197 444 1278 cella
474 1191 575 1278 adeo
609 1221 724 1303 supra
755 1217 987 1276 consuetam
1014 1199 1214 1308 magnitu-

278 1343 305 1398 >›
335 1307 474 1398 dinem
507 1341 641 1424 rapax
669 1337 761 1396 orta
791 1331 826 1385 ‹⁴›
856 1335 936 1411 est,
957 1336 1000 1395 ut
1017 1345 1099 1396 non
1127 1338 1213 1397 ten-

280 1465 307 1512 »
338 1437 445 1516 toria
472 1435 593 1516 modo
623 1437 720 1517 saris
741 1434 916 1548 firmiter
933 1436 1033 1546 fixa
1062 1437 1212 1517 convel-

280 1583 307 1632 »
337 1556 458 1652 leret,
492 1583 620 1636 serum
660 1549 839 1636 homines
882 1556 1033 1664 quoque
1063 1577 1211 1640 stantes

276 1703 305 1752 >r
332 1673 630 1783 gradientesque
652 1696 940 1784 prosterneret:
983 1678 1060 1759 nisi
1104 1679 1213 1784 quod

277 1821 305 1872 >r
328 1817 584 1904 properanter
613 1795 777 1876 sarcinis
802 1795 944 1875 strictis
973 1795 1034 1876 ad
1058 1799 1212 1879 tutiora

276 1943 304 1991 »
335 1913 468 2024 oppidi
488 1912 998 1998 commeamus-Enimvero
1020 1915 1113 1996 dum
1132 1921 1210 1998 ista

277 2061 303 2112 >r
336 2036 548 2132 malinuer,
579 2035 683 2116 coire
713 2031 831 2114 rushes
861 2055 901 2116 et
920 2036 962 2114 in
980 2035 1211 2118 demitutem

274 2181 303 2230 s>
336 2157 483 2238 nimiae
511 2154 782 2236 crassitudinis
800 2155 904 2236 solis
932 2155 1068 2240 tanen
1094 2183 1210 2237 omne

273 2302 301 2350 n
336 2301 492 2384 coepere
521 2271 737 2372 subtexere,
756 2276 1077 2384 indiscretamque
1095 2275 1209 2359 nobis

272 2421 300 2470 »
332 2416 489 2478 noctem
518 2395 699 2506 diemque
730 2395 972 2504 corqstusdere.

105 2525 257 2636 lyrim*
331 2509 520 2598 XXXVI.
550 2519 737 2623 »Neque
770 2514 817 2594 id
844 2513 953 2596 breve
985 2537 1059 2597 aut
1076 2539 1206 2598 trans·

131 2625 137 2637 ’
269 2660 296 2714 >³
330 2636 649 2744 cursernunfuit.
667 2633 785 2714 Enim
804 2631 937 2716 diebus
945 2633 1034 2742 fere
1047 2665 1098 2721 ‘rr
1107 2641 1213 2748 puri

272 2780 299 2830 >r
317 2754 430 2863 facie
450 2757 642 2866 foedatus
671 2759 740 2838 ae'r
766 2758 813 2838 in
841 2755 888 2836 id
922 2755 1083 2839 tandem
1123 2758 1220 2854 nli·¹
1342 2791 1345 2798 ·

269 2899 296 2952 >r
329 2877 491 2982 quanda
515 2879 702 2986 purgavit
721 2887 786 2970 (u,
815 2893 860 2953 ut
891 2896 1009 2985 sexta
1027 2874 1099 2958 sub
1117 2877 1203 2959 tuce

268 3023 296 3072 >s
329 3023 421 3076 cum
466 2999 689 3106 interruptis
735 2991 899 3078 nubibus
949 2996 1009 3077 sel
1046 2997 1203 3102 faciem

268 3143 296 3191 >r
326 3117 477 3198 macto
499 3118 719 3228 pristinam
755 3116 1013 3209 reddidisset,
1043 3135 1222 3222 tantum

267 3260 294 3309 »
327 3234 402 3314 vim
431 3237 579 3326 niviwn
621 3234 839 3318 incubuisse
863 3235 1113 3330 videremus,
1157 3257 1202 3316 ut

268 3379 295 3427 n
324 3379 444 3466 supra
462 3356 580 3436 triten
600 3353 819 3438 atbitontm
837 3356 1092 3438 altitudinem
1105 3357 1202 3442 den·

266 3497 294 3546 >s
325 3497 371 3551 ta
390 3475 535 3555 multos
552 3475 712 3582 quidem
730 3497 769 3558 et
788 3476 1023 3559 manutium
1041 3478 1201 3587 interfe-
1317 3527 1321 3540 ι

264 3618 292 3666 >)
325 3592 447 3685 terit,
477 3621 573 3702 quos
591 3598 703 3704 sorte
733 3601 779 3680 in
816 3594 1073 3704 apertioribtu
1105 3599 1200 3680 iocis

82 2608 102 2654 P

295 3775 332 3824 (a)
350 3771 410 3820 ead.
437 3772 521 3820 hortus.

301 3925 343 3992 (1)
363 3921 407 3978 Itu
428 3923 491 3981 eod.
511 3944 596 3983 sensu
617 3941 730 3984 neutro.
