3109 4934
406 455 408 460 ⁵
519 503 802 588 'turatino
1082 535 1164 582 xlx·

222 650 1148 843 23:328}ssizztttssfflt‘ttfttmgtsstt

224 842 450 937 Argentorati
467 859 562 909 anno
577 859 845 906 noooorxxrvr.
862 862 985 910 rurant
1000 839 1150 908 fallitur.

223 935 305 1002 Nou
320 933 418 1001 enim
435 933 641 1028 germanice
658 930 743 1000 lulii
759 931 893 1000 Valerii
903 955 999 1026 ,opna
1016 931 1153 1001 editum

226 1025 280 1096 ibi
304 1042 381 1108 eat,
408 1025 473 1094 aed
507 1026 621 1094 latine
644 1024 840 1116 peaoimum
875 1025 967 1094 illud
1004 1023 1154 1093 barbari

226 1120 304 1189 aevi
338 1139 579 1188 commentum
616 1117 831 1210 inscriptum
867 1117 1026 1187 Honorio
1050 1121 1162 1186 Aletr-¹

226 1213 326 1281 andri
348 1214 464 1303 magui
486 1213 576 1303 regit
600 1210 818 1279 Macedoniae
841 1212 885 1280 de
913 1211 1063 1307 proeliis.
1089 1212 1153 1280 vi-

226 1305 321 1376 derit
345 1306 555 1375 Panaetium
579 1307 700 1373 annul.
724 1320 859 1396 typogr.
881 1305 922 1374 Τ.
948 1307 989 1376 V.
1013 1329 1049 1398 p.
1074 1325 1129 1374 aa.

271 1419 304 1486 4.
327 1399 452 1466 Petrnt
485 1400 632 1490 Bayliae
644 1398 684 1467 in
700 1399 819 1466 lexico
844 1402 950 1484 (voc.
967 1401 1153 1488 Erope)et

225 1494 356 1586 Aesopi
381 1494 544 1561 meminit
567 1510 604 1561 et
629 1493 711 1560 Iulii
736 1490 892 1560 Valerii:
921 1494 963 1562 iu
994 1516 1039 1560 eo
1062 1515 1151 1578 veto

225 1586 336 1654 solano
360 1603 438 1669 eat,
473 1586 569 1680 qnod
606 1605 734 1678 parum-
762 1585 990 1657 conoidernto
1015 1585 1152 1654 Batthii

224 1679 329 1763 loco,
365 1683 507 1771 putarit
530 1679 617 1748 huic
641 1677 778 1746 homini
802 1677 849 1746 ad
873 1701 1018 1749 manum
1040 1679 1153 1747 fniaae

225 1772 358 1840 lulium
382 1773 586 1854 Valerium,
639 1769 734 1854 nod,
765 1789 807 1840 ut
829 1771 933 1856 dixi,
958 1795 1062 1842 tecua
1087 1789 1153 1840 eat.

271 1865 304 1938 5.
326 1869 376 1936 Io.
390 1865 556 1936 Albertua
572 1795 759 1934 Fuimcint
774 1868 954 1959 Aesopum
972 1885 1009 1935 et
1023 1865 1156 1934 Iulium
1181 1913 1185 1918 ι

225 1959 407 2028 Valerium
432 1978 606 2030 memorat
630 1960 825 2066 ingraeca
848 1957 1079 2029 bibliotheca
1097 1957 1155 2026 ed.
1265 1961 1269 1967 ’

223 2075 307 2124 nov.
332 2055 369 2123 T.
395 2055 455 2124 111.
481 2056 577 2123 inter
615 2070 814 2145 tortptorea
839 2053 1036 2122 Alexandri
1070 2073 1152 2120 voc.

223 2150 370 2234 Aesopus
381 2196 402 2235 ,v
418 2141 665 2229 ceunomo,
689 2147 765 2214 lot.
780 2146 947 2214 Huttliaeb.
965 2147 1099 2225 Moror,
1118 2161 1157 2214 ut

223 2240 336 2306 Iuliur
365 2239 529 2309 Valerius.
554 2237 645 2307 vide
668 2241 778 2310 etiam
798 2241 837 2308 T.
862 2241 889 2308 Ι.
907 2264 941 2333 p.
955 2237 1033 2308 622·
1050 2235 1157 2328 Quod

225 2351 344 2427 autem
367 2349 404 2402 et
427 2332 612 2401 Fabricius
643 2333 732 2400 faita
760 2333 937 2426 quaedam
960 2331 1157 2426 anpethoe

223 2425 318 2494 libro
347 2443 384 2493 et
399 2429 557 2496 Auctore
582 2423 694 2510 dicit,
721 2425 776 2494 nil
798 2428 929 2496 mirum
954 2442 1030 2498 eat:
1054 2445 1155 2496 erro-

150 2522 152 2534 '
222 2545 281 2592 rea
306 2525 403 2593 enim
428 2545 472 2592 ex
497 2521 618 2590 aliena
643 2521 856 2589 anctoritate
880 2520 1073 2590 contraxit.

269 2615 303 2687 6.
315 2619 480 2710 Denique
498 2615 711 2684 novittimno
727 2614 994 2685 Sancticrueina
1011 2614 1156 2702 (Eram.

225 2714 303 2805 crit.
340 2710 403 2779 deo
437 2710 632 2778 hittorieue
669 2705 814 2776 d'Alex.
850 2733 885 2802 p.
926 2704 1002 2778 166.
1035 2731 1070 2777 u.
1100 2709 1156 2791 t.)

193 2803 499 2897 'quatuordecim
545 2803 621 2874 cive
671 2801 804 2870 latinae
858 2802 944 2870 tatio
994 2799 1157 2868 divertat

223 2899 540 2992 interpretationes
574 2895 652 2963 cire
689 2891 898 2964 earumdem
929 2893 1077 2964 coaice·
1100 2891 1157 2960 vi-

224 2992 318 3082 diere
343 3013 382 3062 te
406 3008 530 3060 narrat
553 3006 706 3086 graecae
730 2987 904 3056 historiae
928 2987 976 3056 de
1001 2985 1158 3056 Alexan·

223 3085 289 3189 drp
305 3109 315 3152 ι
338 3087 466 3177 quoin
482 3103 636 3152 numero
652 3081 787 3150 lulium
803 3101 955 3174 qnoque
968 3076 1157 3148 Valerium

225 3179 270 3247 ub
296 3200 340 3246 eo
364 3178 479 3246 vitum
505 3195 678 3256 autumo,
710 3178 882 3269 quoniam
905 3175 946 3243 in
971 3171 1156 3268 pariniaco

224 3272 349 3341 codice
373 3270 471 3340 hunc
500 3273 696 3340 Auctorem
727 3271 848 3337 inette
865 3308 870 3316 ·
888 3267 1059 3360 ruperint
1089 3264 1155 3333 do·

155 3363 158 3370 ’
223 3368 295 3434 cni.
334 3363 464 3432 Iulium
511 3381 632 3432 tamen
680 3357 864 3432 Valerium
904 3359 1153 3446 nominatim,

222 3473 395 3551 quantum
431 3455 533 3540 vidi,
574 3449 839 3526 Sanctiett'rcine
875 3477 948 3524 nou
981 3453 1152 3548 appellat.

224 3551 381 3641 Quinam
415 3571 504 3620 vero
538 3551 585 3619 ait
617 3548 712 3622 liber
736 3551 840 3619 cuine
864 3549 1008 3618 titulum
1033 3546 1151 3638 origo,

222 3660 340 3727 cnut,
372 3644 447 3714 oitn
479 3661 517 3712 et
551 3660 647 3713 actm
669 3642 861 3712 Alexandri
885 3643 1152 3713 Sancticrociua

228 3738 362 3808 diserte
395 3737 559 3833 profert,
585 3739 750 3832 nuperius
786 3739 874 3808 item
899 3735 1153 3809 demonstrati.
