3109 4934
425 489 466 556 aa
673 479 930 560 ALEXANDRI
956 481 1100 552 ORTVS

421 663 449 715 u
479 631 630 720 fiducia
660 631 813 718 virium
832 629 1094 742 exsequenda
1113 632 1177 714 sit.
1199 629 1350 720 Potitia

418 773 448 834 a
479 753 633 869 quippe
690 752 839 838 veteris
894 777 992 834 usus
1037 747 1152 834 rudis
1204 781 1350 838 manus

419 905 447 956 >›
480 873 697 958 audaciam
713 869 931 984 dirigenda
962 891 1052 954 est:
1083 898 1261 982 quorum
1292 876 1350 957 al·

418 1023 447 1074 ι)
479 1016 613 1078 terum
643 1021 741 1090 vos,
771 994 949 1075 alterum
979 989 1168 1074 iuventus
1211 991 1349 1078 existi·

421 1139 448 1192 t>
479 1133 624 1198 matur.
656 1113 764 1198 Nam
794 1133 841 1193 ut
869 1108 939 1192 illo
957 1108 1182 1194 iuventutis
1212 1109 1351 1199 fervor

418 1261 447 1313 >›
482 1237 534 1318 ad
564 1233 776 1316 audaciam
806 1229 1063 1344 promptior,
1114 1229 1172 1314 ita
1206 1231 1351 1318 incon-

422 1383 448 1430 »
478 1350 623 1438 sultior
655 1353 707 1436 ad
739 1350 992 1435 cautionem:
1037 1380 1086 1435 ao
1115 1351 1177 1435 sic
1206 1380 1349 1440 eorum

417 1500 446 1552 >r
481 1473 591 1576 bona
622 1493 766 1585 coepta
794 1470 1038 1589 plerumque
1067 1469 1196 1561 malos
1227 1501 1350 1559 eveu-

419 1619 446 1670 »
480 1611 543 1676 tus
574 1591 795 1706 reperiunt
824 1591 879 1672 At
908 1617 1010 1674 vero
1039 1589 1117 1676 ista
1136 1594 1348 1682 maturitas
1444 1583 1454 1607 ’
1526 1616 1527 1707 3

419 1739 446 1790 ιι
479 1732 616 1797 vestra
645 1713 768 1796 etiam
798 1709 936 1793 arduis
968 1707 1200 1824 quibusque
1249 1708 1349 1798 faci·

417 1862 445 1910 »
478 1831 537 1915 les
567 1831 697 1916 exitus
727 1830 839 1944 parit
878 1849 920 1913 et
940 1829 1192 1916 desideratos
1224 1859 1351 1916 eveu-

419 1981 446 2030 ιι
476 1971 568 2049 tus,
595 1951 789 2065 quoniam
807 1948 943 2064 perito
974 1948 1147 2034 oonsilio
1177 1981 1347 2038 manum

419 2097 447 2148 u
478 2071 574 2165 duci
603 2072 836 2156 commodat
857 2071 1156 2154 obsecuturam.
1188 2073 1267 2156 Par
1287 2095 1348 2156 est

274 2211 279 2218 ·
417 2217 445 2268 >r
477 2189 632 2306 igitur,
674 2191 833 2305 inquit,
875 2217 951 2276 vos
980 2219 1075 2276 meo
1104 2192 1347 2276 'commilitio

416 2336 443 2390 »
477 2312 712 2396 numerari:
742 2339 829 2394 non
858 2328 904 2394 ut
933 2307 1013 2420 ipsi
1043 2310 1248 2395 bellorum
1277 2341 1347 2394 ur·

415 2455 442 2507 »
475 2431 615 2544 gentio
634 2431 773 2516 subire
793 2429 1123 2546 cogamini‚·sed
1145 2452 1192 2515 ut
1211 2432 1346 2515 iunio·

321 2627 323 2634 .
415 2575 443 2624 >›
476 2548 590 2632 ribus
620 2552 812 2635 manibus
840 2550 1057 2634 consilium
1085 2579 1159 2634 vos
1178 2548 1345 2636 faciatis.

415 2685 451 2746 >›'
476 2669 659 2752 Alterum
704 2671 860 2784 quippe
903 2671 1069 2754 alterius
1099 2699 1221 2784 egere
1255 2671 1345 2784 quis

415 2815 443 2866 »
476 2789 666 2872 dubitet?
701 2791 834 2891 Cum,
864 2787 947 2872 nisi
977 2819 1053 2902 per
1083 2790 1346 2902 prudentiam

413 2936 440 2986 ι)
476 2929 656 2992 vestram
675 2909 841 2992 illorum
860 2908 1077 2994 titubantia
1097 2909 1150 2994 sit
1170 2910 1346 3014 directa,

414 3057 443 3126 ι)
473 3025 681 3142 perfracto
692 3029 900 3143 praesidio
912 3029 1197 3129 iuventutis‚in
1210 3033 1346 3114 senio·

413 3175 440 3228 »
474 3177 540 3234 res
561 3150 793 3264 periculum
810 3150 942 3235 vadat
963 3151 1118 3234 Contra
1142 3168 1280 3232 autem
1309 3155 1346 3238 si

413 3297 440 3346 ιι
473 3270 575 3352 recti
590 3299 665 3384 per
679 3299 752 3354 vos
767 3290 866 3353 voto
879 3266 1083 3368 fruantur
1090 3297 1164 3353 vos
1179 3299 1344 3384 quoque

414 3417 441 3466 u
472 3388 625 3501 gloriae
639 3387 1253 3504 partepotiorccelebremini»
1266 3393 1342 3476 His

414 3506 536 3590 dictis
551 3537 621 3592 eos
645 3537 837 3620 quoquc,
855 3536 958 3618 quos
979 3509 1139 3600 senium
1164 3507 1247 3592 iam
1269 3515 1343 3596 ob·

412 3625 632 3724 sederat,
620 3655 665 3708 m
691 3627 935 3782 senteutiam
964 3656 1083 3710 suam
1113 3627 1225 3712 vicit

411 3871 490 3909 oorrr
483 3853 525 3925 'go
538 3793 646 3908 ‘audac'
622 3871 687 3908 ι.ιαι
