3109 4934
357 479 398 528 aa
601 459 857 534 ALEXANDRI
883 455 1023 536 ORTVS

349 616 415 696 Ad
447 641 572 725 quam
613 614 752 698 animo
795 615 1008 729 Philippus
1050 611 1279 712 incitatus,

347 763 442 820 cum
473 734 607 818 adhuc
636 735 797 820 viribus
827 733 1013 850 corporis
1057 731 1280 834 deficeret,

348 856 549 971 optimum
579 876 690 940 ratus
722 855 919 938 ultionem
950 883 1032 937 nou
1053 851 1281 952 distulisse,

346 1003 564 1058 numerum
596 975 666 1088 qui
695 974 800 1059 forte
831 976 994 1061 adesset
1010 971 1184 1056 militum
1205 974 1281 1055 du·

348 1125 441 1179 cere
486 1093 762 1179 Alexandrum
807 1097 957 1194 iubet,
1004 1093 1130 1205 idque
1182 1093 1281 1174 ado·

346 1216 502 1300 lescens
533 1237 806 1329 properanter
824 1213 1060 1329 exsequitur
1092 1213 1279 1326 diligen-

345 1353 520 1445 terque:
561 1337 773 1420 subactam
814 1335 926 1419 enim
962 1333 1281 1450 populatamque

347 1452 400 1536 ad
429 1451 633 1538 vindictae
667 1457 980 1541 ostentationem
1011 1453 1164 1570 raptim
1192 1453 1281 1536 Mo·

253 1574 512 1748 Mthanam
541 1603 733 1659 reversus
763 1575 995 1660 annunciat

320 1695 480 1776 ·.ΙΧ
512 1694 591 1778 Sed
621 1693 731 1776 enim
773 1724 900 1795 cum,
944 1695 1016 1778 illo
1058 1690 1194 1777 reditu
1228 1690 1281 1776 de

161 1780 308 1899 miliia
253 1717 572 1914 “Mothana
595 1815 818 1950 ingressus
861 1819 914 1900 ad
944 1835 1105 1930 patrem
1145 1808 1280 1910 foret,

345 1932 459 2018 videt
487 1931 547 2016 ibi
577 1931 808 2020 assistentes
838 1933 981 2021 habitu
1001 1935 1181 2018 barbaro
1217 1929 1279 2014 vi·

345 2081 454 2151 ros,
507 2075 838 2168 percontatusque
898 2051 1085 2170 agnoscit
1131 2080 1279 2166 persae

343 2116 462 2256 Darii
487 2194 670 2290 satrapas
691 2207 699 2256 :
732 2205 897 2260 causam
916 2196 1053 2260 antem
1072 2197 1108 2249 ‹⁸›
1124 2173 1281 2255 adven·

346 2311 410 2374 tus
440 2319 562 2392 esse,
592 2298 704 2406 quod
733 2325 785 2378 ex
813 2325 929 2379 more
958 2295 1076 2408 regio
1105 2293 1280 2405 petitum

345 2411 542 2527 pecunias
557 2446 580 2498 a
595 2414 789 2530 Philippo
802 2417 1010 2502 venissent
1028 2451 1084 2512 (n,
1101 2410 1285 2526 pretium
1417 2496 1423 2504 ,

346 2531 502 2616 scilicet
533 2561 662 2646 aquae
694 2555 818 2647 atque
847 2557 1006 2620 terrae:
1055 2534 1120 2616 his
1168 2533 1283 2616 enim

346 2651 584 2738 nominibus
614 2657 821 2741 subiectos
853 2651 1027 2767 obsequi
1075 2651 1156 2738 sibi
1185 2655 1284 2736 Per·

345 2801 415 2858 sae
446 2773 683 2890 deposcunt
725 2776 897 2859 Miratus
939 2772 1066 2890 igitur
1103 2771 1287 2856 Alexan·

346 2891 421 2976 der
468 2916 510 2979 et
562 2895 731 3012 petendi
778 2923 938 2979 morem
995 2914 1037 2978 et
1080 2892 1283 2988 titulum;

380 3125 415 3178 (a)
432 3122 494 3168 ose.
511 3133 594 3170 tenen
621 3175 624 3182 ‚

346 3293 424 3362 apud
445 3294 516 3348 alios
531 3293 615 3348 etism
628 3308 771 3350 auctores.
785 3290 860 3350 Vide
877 3293 1051 3363 interpretes
1066 3291 1171 3347 lustiui
1185 3305 1239 3346 ru.
1251 3288 1285 3345 6-
1369 3333 1374 3338 .

346 3383 375 3424 et
394 3367 564 3425 salmasium
584 3377 693 3428 exertis.
712 3371 783 3446 plis.
809 3389 840 3440 p.
863 3367 928 3426 108.
948 3371 978 3424 b.
998 3369 1029 3424 C.
1062 3367 1096 3423 In
1123 3369 1210 3424 lanius
1229 3387 1282 3422 ur·

344 3445 392 3500 bis
424 3447 591 3502 obsessione
622 3449 754 3520 Philippo
787 3448 946 3502 Alexandri
977 3447 1055 3516 patri
1085 3447 1188 3500 oeulos
1222 3446 1280 3498 telo

345 3523 459 3594 aliquot
468 3539 533 3577 aute
554 3542 642 3580 anuos
656 3526 775 3580 effossus
788 3525 891 3579 fuerat.
902 3523 977 3578 Vide
987 3525 1148 3580 Diodorum
1161 3520 1287 3593 1t1.34..

344 3614 373 3655 et
392 3599 535 3656 Iustinum
555 3602 620 3656 loeo
645 3605 743 3657 citatos

385 3683 428 3750 (ι)
458 3677 628 3734 Macedones
658 3679 831 3734 tributarios
863 3676 1019 3736 Persarum
1046 3677 1122 3736 dicit
1151 3689 1218 3734 aute
1247 3694 1279 3728 se

343 3755 509 3814 Alexander
529 3756 607 3829 apud
627 3755 760 3812 Curtium
780 3770 810 3811 x.
830 3771 858 3811 a.
