3109 4934
561 531 639 614 ειν
665 534 790 604 nasa
815 533 843 603 1.
1118 535 1165 630 67

238 701 470 782 ostentare,
502 709 626 795 quam
656 684 770 794 qnod
800 683 848 765 in·
875 683 957 766 boc
976 679 1166 770 fortunae

235 803 377 889 favore
407 831 459 886 ex
489 819 621 912 aequo
661 831 758 888 suae
802 822 928 930 atque
970 803 1167 890 adversae

236 925 368 1039 partis
399 920 492 1006 iniit
519 920 749 1020 rationem,
762 949 850 1005 non
875 949 993 1007 seem
1014 923 1169 1006 scilicet
1242 1015 1253 1038 .

236 1041 422 1180 probatis
479 1039 661 1126 bostium
714 1039 956 1127 navioribus
987 1042 1060 1152 qui
1090 1073 1168 1180 pro

235 1162 368 1276 patria
406 1160 582 1246 fortiter
599 1160 876 1276 oppetissent,
893 1189 1019 1271 qnam
1042 1160 1171 1299 siquis

238 1309 408 1366 suorum
437 1305 626 1366 strenuus
660 1279 870 1364 extitisset
891 1280 1103 1365 Cunctos
1090 1282 1170 1396 rgi-

239 1421 330 1501 tnr,
362 1429 464 1512 quos
502 1401 548 1484 in
582 1402 694 1484 bello
738 1400 1031 1486 nobilitaverat
1060 1401 1168 1484 mili·

237 1523 319 1606 tiae
366 1522 693 1633 experimentum
742 1541 786 1604 et
825 1547 937 1603 mors
987 1519 1167 1634 inclytos

237 1639 411 1739 fecerat,
439 1639 596 1751 inquiri
626 1659 852 1754 prostratos
882 1659 925 1724 et
948 1637 1167 1755 magnifice

238 1758 405 1874 sepeliri
444 1781 484 1844 et
530 1757 756 1874 sepulchris
806 1760 1007 1844 honorari
1044 1761 1169 1844 iubet

237 1881 412 1972 Matrem
454 1907 555 1965 vero
602 1881 727 1965 Darii
768 1893 853 1964 una
902 1908 996 1964 cum
1038 1909 1168 1964 uxore

238 1997 484 2137 filiabusque
516 2000 626 2085 cultu
656 2000 772 2116 regio
805 2001 1165 2114 prosequebatur:

239 2152 287 2206 ac
316 2118 424 2230 siqui
465 2141 679 2236 praeterea
721 2120 783 2204 in
809 2139 1052 2255 potestntem
1094 2120 1168 2202 ho·

239 2242 363 2326 stium
396 2239 659 2326 devenissent
686 2235 853 2324 fortuna
897 2235 1070 2351 pristina
1105 2236 1167 2321 di-

239 2361 500 2474 gnabatur
475 2380 520 2442 ‹›.
551 2359 774 2446 Enimvero
823 2357 1020 2444 cecidisse
1068 2378 1167 2442 tunc

240 2480 512 2566 Macedonum
542 2480 639 2566 satis
670 2485 829 2565 con'stat
858 2477 1044 2594 peditum
1073 2479 1167 2590 qui-

238 2601 335 2684 dem
365 2597 665 2716 septingentos,
697 2601 897 2713 equitum
901 2627 1029 2714 porro
1059 2625 1170 2713 cen7

238 2740 327 2806 tum
372 2739 414 2802 et
454 2717 691 2836 sexaginta,
735 2721 810 2804 sed
853 2722 1167 2805 vulneratorum

237 2867 454 2926 numerum
467 2857 501 2916 ι’)
512 2839 557 2926 in
571 2841 734 2927 duobus
750 2861 783 2916 (ε)
796 2839 963 2924 milibus
975 2837 1183 2923 extitisse·

239 2959 395 3045 Contra
406 2964 625 3046 Persarum
641 2951 872 3047 desiderata
892 2957 1059 3070 quidem
1075 2984 1169 3042 oen-

236 3099 324 3166 tnm
341 3101 382 3164 et
384 3075 560 3219 ..viginti
566 3080 697 3164 milia:
718 3079 899 3196 praedae
918 3097 1072 3176 autem,
1085 3103 1169 3160 una

238 3200 416 3286 servitiis
441 3201 666 3314 poenisque
695 3200 764 3285 vel
798 3227 906 3312 quae
937 3199 1166 3297 vehebant,

236 3321 413 3432 pecunia
442 3317 522 3406 fuit
552 3321 706 3406 talenta
733 3339 911 3433 quatuor
940 3311 1065 3402 milia

96 3472 222 3521 nan-n
298 3439 401 3523 LVI.
436 3440 516 3524 Sed
547 3441 700 3525 Darius
726 3437 825 3555 fuga
857 3466 1048 3524 reversus
1080 3435 1169 3518 lon·

64 3543 218 3672 ’,Ψ
113 3623 203 3658 ,,,,,,,
212 3557 288 3672 ¹ge
319 3559 502 3644 auctiore
532 3588 706 3643 numero
737 3577 972 3659 contracto,
999 3555 1045 3640 in
1072 3558 1168 3642 Ale-

236 3679 440 3762 xandrum
468 3678 740 3780 moliebatur,
779 3675 946 3793 suisque
976 3677 1168 3798 undique

267 3911 306 3966 ‹a›
320 3909 382 3958 coa
399 3907 559 3972 διίκὸωω.
578 3908 612 3967 (ι)
628 3908 688 3980 ιιι
705 3881 827 3955 tm
844 3907 947 3966 (arcae
964 3907 990 3962 i·
1005 3903 1099 3982 sutus
