3109 4934
382 457 428 541 5'6
636 459 891 540 maranum
915 461 1060 540 ORTVS

378 615 482 704 meis
523 605 586 700 est
625 611 757 699 forma
787 613 1025 732 praecepti;
1066 611 1176 700 enim
1206 639 1316 732 quo⁴

379 737 492 824 niam
531 756 579 820 ut
614 735 667 818 ad
695 735 899 819 latronem
928 763 954 818 a
982 734 1104 820 vobis
1132 736 1210 822 ista
1239 768 1312 822 su-

379 875 518 971 scepta
560 853 710 970 legatio
752 873 840 954 eat,
880 854 943 936 uti
984 852 1156 942 latronis
1186 857 1312 968 etiam

379 976 682 1064 vehementiam
730 971 1073 1088 iniquitatemque
1116 978 1309 1072 sentiatis.

379 1100 486 1183 Tum
515 1097 601 1198 illi,
635 1123 712 1178 nec
742 1093 920 1180 Darium
949 1095 1088 1178 omnia
1117 1125 1195 1210 pro
1224 1127 1314 1182 me-

380 1218 460 1304 rito
497 1217 584 1302 eius
623 1213 830 1350 potentiae
873 1213 1141 1330 cognovisse,
1182 1236 1224 1300 et
1264 1249 1311 1302 se

381 1337 544 1456 pariter
565 1333 760 1449 opinione
791 1333 982 1447 deceptos
1012 1363 1100 1420 esse
1122 1365 1218 1420 cum
1247 1337 1313 1421 di-

381 1476 547 1556 cerent;
568 1451 796 1568 magnificis
820 1451 1014 1538 verbis
977 1483 1065 1540 erus
1084 1453 1310 1542 exereitum
1356 1534 1361 1540 .

381 1575 621 1694 praedicare
665 1570 858 1708 viresque
898 1603 1073 1689 coepere
1122 1575 1313 1662 confiteri

382 1719 537 1796 tantas,
578 1714 751 1808 quantas
791 1691 827 1775 si
856 1725 930 1778 rex
960 1726 1126 1810 quoque
1168 1698 1314 1782 sedulo

380 1816 639 1915 rescivisset,
669 1815 977 1898 moderaturum
1000 1813 1186 1930 prolecto
1216 1845 1313 1902 ver-

380 1937 444 2022 bis
474 1935 609 2020 fuisse.
638 1934 745 2018 Tum
775 1932 1033 2036 Alexander,
1063 1965 1199 2052 neque
1227 1938 1312 2023 sibi

379 2085 525 2141 verum
554 2050 932 2140 interficiendorum
966 2054 1179 2140 hominum
1209 2087 1311 2142 con-

380 2174 516 2260 silium
558 2173 682 2259 fluisse
724 2171 989 2288 profitetur,
1007 2195 1076 2261 et
1115 2176 1309 2264 maluisse

377 2295 513 2410 potius
556 2295 769 2380 ostendere
816 2290 917 2408 quid
939 2293 1137 2430 inquitas
1180 2296 1311 2383 soleat

379 2437 671 2530 tyrannorum,
701 2442 826 2528 quam
854 2411 1010 2498 iustitia
1037 2445 1185 2532 graeca
1212 2446 1309 2530 per-

379 2535 521 2618 mittat
937 2565 947 2578 '

191 2659 368 2799 μη
436 2655 563 2739 XLV.
591 2655 642 2739 Et
683 2675 778 2769 post
818 2656 923 2740 haec
952 2653 1090 2740 curari
1118 2653 1309 2740 homines

190 2797 268 2845 auu
320 2748 586 2860 “liberalius
629 2775 744 2859 iubet
782 2773 1081 2890 participatque
1112 2775 1308 2861 convivio

375 2894 523 3009 dapsili
553 2915 593 2978 et
622 2889 823 2978 affluente.
867 2894 966 2978 Eius
996 2894 1177 2982 convivii
1206 2915 1307 2979 tem·

372 3045 474 3129 pore
516 3045 610 3099 cum
652 3045 757 3100 unus
794 3047 818 3100 e
860 3043 1033 3099 numero
1075 3013 1305 3132 legatorum

371 3135 647 3248 proditionem
686 3165 852 3272 quoque
887 3134 950 3218 illi
980 3155 1016 3208 ω
1044 3133 1154 3250 regis
1183 3135 1306 3218 Darii

371 3257 631 3356 subsereret,
673 3253 907 3368 prohibitus
946 3258 1000 3339 ab
1040 3257 1186 3339 eodem
1216 3270 1304 3354 est,

371 3371 540 3456 ulterius
571 3403 695 3488 super
725 3379 804 3460 hac
823 3403 871 3458 re
890 3374 1042 3463 addere
1060 3403 1186 3488 quam
1205 3403 1303 3486 pro-

371 3488 564 3574 miserat:
594 3496 840 3605 praesertim
869 3523 965 3578 cum
994 3491 1030 3578 is
1061 3513 1095 3569 (ἰ
1125 3491 1198 3606 qui
1227 3493 1304 3576 ista

400 3755 437 3824 (a)
454 3761 514 3810 ceu
531 3761 582 3808 tili.
608 3763 642 3818 (l)
659 3763 718 3808 Coti.
736 3761 778 3810 lit.
