3109 4934
588 531 846 606 muxmmn
1132 533 1177 626 ³9

254 677 371 772 Darii
403 707 533 768 cornu
566 703 601 758 (ι)
632 685 777 768 dextro
811 679 1028 780 obviabat,
1059 708 1184 797 aegre

253 803 346 890 satis
399 831 499 886 cura
547 801 830 888 Parmenionis
878 806 1089 885 tuebatur:
1108 825 1184 884 ‘re-

250 944 554 1038 pensarentque
585 923 735 1006 Persae
758 923 935 1035 dampna
953 919 1182 1035 praedicta,

251 1043 296 1124 ni
339 1040 516 1129 Darium
559 1039 794 1125 Alexander
837 1041 1059 1152 insequens
1106 1069 1184 1155 per

250 1161 551 1247 internuntium
582 1177 774 1245 nosceret
806 1158 1087 1244 Parmenionis
1116 1189 1183 1247 res

251 1309 424 1398 vergere
457 1283 636 1416 dampno
665 1282 775 1365 haud
799 1279 899 1364 levi:
919 1309 1051 1394 eoque
1068 1308 1186 1364 eom

249 1425 369 1516 perto
421 1423 462 1484 et
503 1397 671 1515 ancipiti
723 1399 818 1486 satis
862 1401 970 1484 bello
1021 1399 1182 1484 eminus

252 1520 369 1621 viso,
397 1549 610 1636 regressus
641 1519 775 1605 eidem
805 1519 1158 1630 subpetiaretur
1134 1539 1180 1604 ι)

250 1584 399 1753 Neqrie
431 1639 542 1724 enim
573 1667 688 1724 mora
736 1639 845 1724 bello
880 1637 958 1722 fuit
991 1671 1015 1725 a
1064 1659 1181 1775 tergo

252 1759 437 1844 hostium
469 1757 685 1858 venienti,
715 1758 816 1873 quin
845 1756 934 1842 viso
964 1759 1036 1844 tali
1067 1757 1182 1842 auxi·

251 1877 400 1964 liatore
431 1879 570 1965 cuncti
605 1879 814 2012 protinus·
843 1878 1106 1980 laberentur,
1135 1897 1183 1962 ut

249 2027 345 2112 spes
378 1997 500 2114 fugae
529 1997 719 2083 blandior
750 1995 910 2109 cuique.

70 2215 77 2226 Ι
131 2143 232 2190 hum
306 2120 449 2204 LXIV.
481 2115 654 2221 Quare
643 2147 735 2233 ipse
752 2118 984 2203 Alexander
1006 2115 1178 2204 Darium

49 2213 231 2328 1233?ss
255 2237 418 2352 insequi
452 2237 605 2322 statuit:
636 2267 787 2355 agmen
816 2263 917 2319 vero
945 2239 1179 2323 transmisso

247 2358 360 2472 Lyco
410 2357 619 2458 flumine,
666 2360 778 2472 quod
821 2357 1042 2441 ultrorsum
1090 2377 1178 2458 est,

250 2499 381 2562 castra
402 2479 509 2564 vallo
527 2477 707 2578 munire,
722 2477 866 2589 ibique
887 2505 1008 2613 quam
1028 2498 1184 2592 queant

250 2595 365 2680 ocius
408 2594 624 2682 refectioni
670 2598 884 2684 consulere
923 2595 1074 2697 iubet,
1113 2627 1181 2682 se·

249 2717 428 2802 condis
416 2739 604 2804 intentos
626 2720 757 2836 Igitur
775 2717 1021 2804 Parmenion
1039 2716 1180 2832 spoliis

248 2837 427 2922 hostium
457 2859 498 2920 et
523 2837 669 2953 opibus
700 2839 851 2923 coactis
879 2835 1060 2953 opperiri
1088 2835 1182 2918 Ale·

248 2956 449 3041 xandrum
469 2957 609 3042 statuit
633 2959 755 3042 etiam
774 2958 881 3043 ultra
899 2983 1176 3092 progressum:

247 3074 319 3188 qui
347 3079 421 3160 ubi
450 3079 648 3162 Arbelum
677 3077 812 3176 venit,
841 3105 946 3189 quae
974 3075 1089 3190 prior
1119 3075 1177 3156 ci·

247 3195 353 3281 vitas
384 3195 524 3280 stadiis
553 3198 652 3282 belli
678 3198 728 3281 de
748 3197 842 3280 loco
867 3193 995 3279 ferme
1013 3222 1178 3278 sexcen-

251 3314 301 3396 tis
331 3315 410 3413 sit‚
441 3315 615 3402 Darium
657 3317 824 3431 quidem
851 3315 1009 3398 nullum
1043 3313 1177 3413 videt,

210 3441 218 3460 ⁶
249 3431 306 3526 ita
337 3437 510 3519 volucer
538 3436 884 3549 praetervolarat:
914 3463 1012 3548 opes
1041 3455 1179 3518 tamen

262 3655 320 3707 ’(ι)
339 3653 397 3698 cod.
415 3652 590 3716 rulprriwerur.

295 3806 339 3874 (ι)
361 3803 405 3858 lta
425 3804 488 3858 eod.
509 3823 615 3872 romu,
635 3822 699 3858 num
719 3818 748 3859 et
766 3807 841 3859 hune
869 3805 1098 3860 terminationem
1128 3820 1182 3874 pu-

256 3878 328 3936 titur
349 3880 497 3938 interdum
516 3895 635 3955 quartae
655 3881 858 3938 declinationis
877 3882 979 3938 tertius
999 3897 1094 3936 eune.
