3109 4934
571 511 649 586 SEV
671 511 800 586 LIBER
822 515 869 588 11.
1101 538 1168 612 ¹¹7

248 667 376 782 'regna
408 661 627 761 censebat,
673 691 897 775 omnesque
937 667 1099 748 centum
1129 687 1172 752 et

245 783 458 899 octoginta
487 795 525 862 ι)
545 800 712 894 gentes,
744 780 949 894 quaesibi
986 785 1170 872 subditas

246 907 392 1002 sciret,
435 901 487 985 ad
531 899 803 994 conmilitium
846 902 1069 986 exercitare
1102 927 1169 1004 ιι,

243 1046 292 1106 ut
321 1023 357 1106 si
385 1021 561 1105 nihilum
588 1019 790 1133 amplius,
819 1040 929 1104 certe
948 1025 1017 1107 vel
1038 1043 1173 1106 osten·

244 1141 344 1226 tatio
374 1139 644 1240 multitudinis
666 1159 826 1224 terrore
845 1141 1022 1252 quodam
1043 1139 1173 1227 Grae·

212 1301 215 1309 Δ
247 1291 392 1346 eorum
423 1260 570 1344 animis
602 1257 818 1342 obsisteret
845 1276 891 1339 (ὃ).
920 1261 1036 1345 Haec
1079 1291 1174 1346 sen-

246 1383 381 1474 tentia
401 1379 597 1495 ‚placebat
631 1379 799 1490 quidem
835 1379 1057 1464 admodum
1104 1410 1173 1464 re-

247 1501 343 1616 giis,
376 1521 417 1584 et
450 1497 803 1610 adstipulabantur
823 1497 947 1582 etiam
985 1500 1173 1613 plerique

247 1639 510 1753 praesentes,
539 1617 620 1700 nisi
645 1619 757 1729 quod
789 1617 894 1704 eis(
894 1640 903 1689 ι
924 1647 1052 1702 unum
1084 1649 1174 1704 esse

246 1767 348 1854 prae
380 1736 524 1824 ceteris
544 1733 703 1822 viribus
723 1766 850 1850 penes
870 1737 1055 1822 Graecos
1076 1768 1175 1822 con-

245 1862 419 1959 stabat,
462 1857 572 1970 quod
614 1857 705 1970 plus
759 1858 981 1973 prudentia
1021 1860 1175 1944 mentis

246 2007 372 2090 quam
422 1975 599 2063 valentia
634 2005 856 2090 cotporum
888 1975 1027 2090 possit.
1062 1981 1174 2096 Ergo

247 2099 472 2182 secundum
524 2096 627 2179 haec
667 2095 819 2181 Darius
857 2096 972 2179 iubet
1011 2125 1175 2184 omnem

245 2217 427 2330 undique
482 2235 677 2300 armatam
722 2210 1023 2300 multitudinem
1074 2246 1174 2300 con·

245 2337 398 2424 venire.
913 2381 915 2384 v

89 2470 171 2516 ⁸¹⁶¹·
51 2468 234 2720 „⁰¹⁰”ssde
259 2455 441 2542 ΧΧΧΙ.
457 2453 686 2538 Alexander
699 2481 799 2541 vero
812 2403 975 2570 iterper
989 2453 1176 2542 Ciliciam

52 2547 115 2651 ιι
89 2605 234 2738 agnen
251 2606 400 2692 agens,
438 2603 533 2659 cum
561 2571 734 2657 multum
760 2574 883 2690 spatii
910 2578 987 2665 sub
1021 2575 1174 2661 aestivo

133 2683 337 2782 ἰ”“ιιοΙε
367 2693 491 2781 armis
522 2713 690 2776 onustus
733 2696 909 2834 pedibus
952 2696 1176 2811 exegisset

250 2815 355 2902 forte
387 2815 578 2930 Cydnum
608 2813 718 2897 haud
739 2815 931 2926 cuiquam
950 2817 1179 2901 secundum

251 2939 404 3020 flumen
445 2935 512 3018 vel
549 2929 835 3070 magnitudine
873 2933 940 3020 vel
972 2934 1182 3048 perspicui

252 3055 424 3190 agminis
460 3051 587 3136 nimio
618 3053 755 3188 rigere
786 3081 882 3138 cum
910 3072 1035 3166 ponte
1070 3073 1181 3138 tran·

249 3174 373 3274 siret,
416 3172 636 3258 delectatus
678 3170 765 3256 eius
796 3171 999 3296 evidentis
1027 3173 1182 3285 pariter

251 3314 293 3377 et
321 3238 629 3407 magnitudine,
664 3318 747 3374 una
784 3320 880 3376 cum
909 3285 1033 3376 armis
1061 3321 1181 3405 prae-

252 3411 393 3524 cipitat
420 3430 545 3524 ponte
576 3439 623 3492 ac
662 3412 920 3496 nutabundus
962 3411 1052 3496 exit
1098 3409 1182 3496 Sed

287 3640 323 3693 (ι)
338 3637 375 3682 lta
391 3636 445 3680 eod.
461 3635 590 3682 excretam.
609 3635 642 3692 (ὃ)
657 3635 715 3682 Οιιι.
732 3636 822 3686 anim
839 3636 946 3684 duisme
962 3641 996 3694 (e)
1013 3637 1073 3684 ced.
1091 3652 1136 3684 eos.

272 3827 275 3834 ⁴
292 3795 334 3860 (1)
352 3789 442 3865 Atqui
460 3789 513 3846 tib.
531 3789 555 3846 ι.
575 3807 639 3860 cap.
650 3803 678 3850 ι..
697 3791 836 3852 dicuntur
855 3811 962 3853 centua
977 3809 1063 3871 atque
1075 3793 1182 3868 viginti·
