3109 4934
376 545 421 616 42
691 519 987 596 nuntiatur

378 678 535 760 Mutata
571 675 748 788 denique
784 674 1048 790 adrogantiae
1080 673 1172 761 vice
1207 675 1307 766 Uxii

377 795 598 910 vectigales
628 825 716 882 sese
747 795 882 880 eidem
911 792 1163 908 profitentur.

211 941 364 1023 ‚tyronum
438 917 600 1002 LXVII.
629 913 748 1000 Exim
770 913 924 998 relictis
948 913 1021 1026 qui
1044 916 1209 1028 gravius
1240 945 1306 1000 ar·

195 1009 295 1072 ‘'¹¹⁹¹‘'
376 1039 594 1120 mabantur
628 1035 748 1147 Pylas
783 1031 901 1148 petiit
933 1030 1069 1120 fauces
1102 1036 1304 1120 montium

375 1159 648 1274 persicorum,
661 1154 802 1266 ibique
815 1149 985 1237 offendit
995 1152 1303 1240 Ariobarzanen

376 1277 421 1360 in
450 1305 494 1360 se
521 1295 721 1358 armatum
740 1273 859 1358 Darii
881 1272 1047 1356 nomine
1086 1273 1304 1387 studioque

377 1397 473 1480 ·XL·
502 1393 666 1478 milibus
696 1391 880 1506 peditum
914 1413 956 1476 et
990 1393 1174 1505 equitum
1209 1423 1303 1508 sep·

377 1511 569 1628 ringentis
601 1511 799 1597 obviasse.
835 1512 921 1597 Ubi
956 1533 1094 1596 umen
1128 1512 1208 1598 sibi
1236 1514 1302 1596 in·

377 1633 545 1750 genium
568 1632 667 1732 loci,
692 1661 816 1744 quam
841 1661 985 1716 manus
1007 1633 1188 1716 bostium
1210 1634 1302 1746 plus

378 1752 558 1852 obsistit:
594 1754 742 1838 docent
778 1751 931 1867 captivi
967 1751 1139 1837 circuitu
1181 1781 1303 1866 posse

377 1873 536 1957 consuli
570 1867 824 1956 difficultati:
861 1873 1010 1985 quibua
1045 1872 1302 1972 auscultans,

376 1989 458 2076 fide
488 1992 588 2078 dicti
617 1990 831 2105 praevisa,
862 1989 1037 2077 emensis
1067 2013 1190 2075 noete
1220 2009 1301 2075 sta·

377 2111 453 2196 diis
483 2113 577 2196 ·LX·
592 2113 830 2224 supervenit
846 2113 981 2196 Persis
1001 2109 1197 2195 interritis
1216 2111 1303 2196 adi·

376 2251 422 2314 tu
448 2231 592 2344 suique
612 2229 775 2314 securis.
814 2230 952 2315 Caesis
978 2230 1156 2342 denique
1175 2231 1302 2315 obsti-

374 2350 600 2436 natioribus
629 2347 859 2464 fugatisve,
890 2351 996 2432 ultra
1030 2347 1252 2436 inoffensus
1267 2371 1304 2466 ‹g›

375 2470 518 2554 transit
558 2469 809 2582 Persepolim
826 2484 888 2571 w,
932 2469 1084 2555 divitiis
1125 2471 1305 2554 invitan-

375 2591 508 2674 tibus:
538 2587 638 2702 Cyri
667 2589 845 2702 denique
875 2609 998 2702 atque
1027 2589 1166 2674 Xersii
1194 2589 1302 2689 illic,

375 2738 451 2793 ceu
480 2709 516 2794 si
545 2708 669 2792 tutius
699 2709 811 2808 sitis,
853 2711 1053 2795 thesauris
1082 2710 1240 2822 potitur
1263 2729 1303 2785 (ι)

234 2909 236 2916 ,
374 2850 416 2913 et
446 2828 756 2914 amoenitatibus
787 2831 945 2916 aulicis:
971 2830 1157 2942 quamvis
1185 2829 1302 2946 regia

373 2947 462 3064 igni
480 2949 653 3049 abolita,
674 2949 770 3032 odio
791 2951 971 3035 otXersii
986 2950 1182 3051 iniuriae,
1212 2971 1302 3034 tum

352 3069 481 3182 regis
509 3068 787 3182 voluptatibus
801 3087 851 3169 to,
872 3069 947 3155 etsi
967 3072 1048 3154 iam
1078 3072 1178 3172 suis,
1199 3075 1300 3156 abo-

373 3187 457 3272 litis
478 3208 536 3272 to:
567 3189 721 3273 scilicet
749 3213 797 3274 ut
825 3187 958 3274 vicem
993 3192 1132 3275 damni
1160 3219 1207 3275 ac
1238 3192 1298 3274 la-

374 3307 438 3441 bis
467 3307 681 3408 meritum,
711 3339 837 3422 quam
855 3307 922 3396 ille
941 3311 1152 3397 invexerat
1168 3311 1301 3395 Grae·

375 3454 454 3524 crs,
483 3449 729 3542 repensaret.
759 3517 760 3522 Ν

408 3621 443 3673 (ι)
459 3617 519 3664 (lod.
539 3619 675 3680 Manilius.
703 3623 735 3674 tu
753 3623 814 3670 Coti.
830 3639 876 3682 pro
892 3623 1026 3684 Persepolim
1041 3625 1115 3671 babet
1125 3607 1180 3688 fle.
1189 3629 1222 3684 (cl
1237 3625 1297 3673 Coti.

374 3685 463 3732 atoue·
481 3686 550 3732 odito.
576 3687 616 3748 (ἢ
632 3689 691 3734 Coti.
712 3688 914 3749 volutatibus-(cl
926 3693 989 3740 (lod.
1006 3691 1127 3740 aboleuit

412 3841 454 3911 (r)
474 3835 611 3912 Sequitur
632 3841 756 3912 apetium
775 3843 861 3900 unius
879 3844 1022 3902 vocabuli.
