3109 4934
364 529 436 618 ῳ·
677 523 969 600 rnnnnnnvn

364 675 449 758 eius
471 693 511 754 et
531 701 643 756 arma
663 693 750 758 tum
771 676 884 758 cidar
901 695 939 746 (ι)
957 668 1115 787 apicem
1133 674 1301 790 regium·

364 823 487 878 curru
529 823 611 876 nna
652 815 694 878 et
734 793 964 909 insignibus
1004 793 1175 877 retrahit
1202 796 1298 876 nni-

363 913 501 998 vereis.
540 915 602 996 Eo
631 913 740 998 bello
772 915 1045 998 Macedonum
1074 913 1298 998 desiderati

362 1032 565 1118 enutriri
596 1055 787 1132 centum,
819 1030 916 1144 equi
946 1032 1088 1131 mille,
1119 1061 1298 1144 quorum

361 1183 458 1268 pars
502 1149 636 1236 maior
678 1151 936 1265 insequendo
966 1153 1096 1238 Dario
1138 1149 1300 1236 defece·

363 1293 427 1356 rat
447 1288 493 1354 (a.
521 1276 737 1356 Persarum
771 1290 808 1352 a>
838 1300 941 1355 vero
971 1293 1155 1354 trecenta
1184 1271 1298 1354 haud

363 1389 500 1482 minus
530 1390 668 1489 milia,
706 1390 876 1474 totidem
907 1391 1067 1509 captis,
1110 1388 1297 1504 spoliatis

366 1538 578 1596 nnrversrs.

214 1667 349 1714 arnan„
425 1631 548 1714 LXV.
578 1628 729 1715 Darius
759 1649 895 1714 tamen
924 1630 1068 1744 paucis
1098 1657 1182 1712 una
1209 1631 1298 1712 Me-

201 1733 349 1864 2'222*
366 1747 477 1834 diam
511 1749 638 1864 petit,
673 1751 886 1862 Babylone
912 1749 1105 1860 Susisque
1129 1745 1295 1848 vitatis,

366 1869 479 1981 qnod
516 1895 584 1952 eas
620 1871 743 1952 nrbes
777 1868 932 1952 iniectu
967 1868 1127 1952 nobiles
1162 1867 1299 1952 victor

364 1988 482 2071 avide
525 2008 665 2099 petere
709 2010 741 2062 ‹a›
785 1990 974 2103 protinus
1018 1985 1098 2070 sibi
1140 1986 1296 2100 gloriae

366 2105 635 2220 opinaretur,
671 2128 713 2191 et
740 2103 784 2192 id
816 2105 1047 2191 coniectare
1099 2102 1295 2220 perfacile

367 2245 465 2310 erat
510 2226 699 2340 Denique
722 2302 726 2314 ,
749 2226 980 2311 Alexander
1041 2224 1295 2309 contendens

368 2373 464 2428 curn
494 2365 534 2429 et
555 2342 659 2430 facie
685 2344 895 2430 bellatoris
921 2345 1115 2430 terribilis
1135 2345 1181 2427 in
1208 2343 1312 2428 acie.

364 2491 490 2577 agene
519 2463 689 2548 militem
724 2485 813 2550 astu
842 2464 1018 2550 minatus
1049 2485 1085 2540 υ)
1114 2465 1295 2576 Babylo·

362 2582 475 2666 niam
506 2613 543 2678 <n
574 2582 744 2669 accessit
777 2581 917 2668 minax
951 2605 1066 2668 motu
1096 2607 1296 2696 quantum

363 2701 440 2788 visi
466 2700 623 2788 eminus
657 2721 790 2817 queat
826 2705 984 2788 Omnes
1014 2702 1201 2818 protinus
1233 2704 1298 2786 in-

364 2823 479 2906 colae
512 2822 624 2906 cultu
657 2821 717 2905 nil
748 2820 882 2923 tristi,
913 2822 1026 2906 enim
1044 2841 1082 2898 ‹⁸›
1108 2821 1296 2907 laeticiae

393 3107 429 3160 (ι)
446 3103 506 3150 con
520 3104 613 3168 [aaut.
638 3101 673 3164 (i)
690 3103 749 3150 (led.
768 3105 848 3148 terir-
875 3105 907 3158 (e)
923 3101 984 3148 Ceri.
999 3099 1082 3149 idne·
1097 3100 1171 3149 neiile
1185 3113 1232 3149 m
1247 3103 1298 3148 eei·

365 3171 434 3236 &qne
455 3173 589 3236 petimen.
613 3169 649 3228 (ἱ)
666 3171 727 3218 Cori.
743 3168 880 3232 lalylenk.

399 3420 441 3488 (ι)
459 3417 535 3472 Note
553 3417 631 3474 eiciar·
650 3416 860 3474 indeclinabile
879 3431 928 3474 ent
947 3435 1049 3490 genere
1067 3431 1180 3473 neuere.

398 3500 441 3563 (a)
459 3495 568 3566 Nempe
587 3495 709 3552 studiose
728 3498 813 3551 uim
837 3513 905 3571 pree
933 3513 963 3550 re
981 3497 1083 3566 ferm.
1111 3490 1177 3552 Risi
1204 3494 1294 3551 merie

358 3571 456 3642 legere
474 3575 660 3642 acu-imus,
680 3579 817 3644 quonian
830 3574 859 3629 ie
872 3572 974 3630 codiee
991 3573 1098 3646 legitur
1117 3575 1294 3628 coniunctim

359 3649 551 3705 minuimur.

400 3723 442 3797 (l)
474 3727 552 3782 Enim
575 3724 615 3778 ⁴in
646 3723 793 3796 principio
823 3725 982 3782 tententiae
1002 3745 1020 3794 ‚·
1045 3743 1101 3783 nen
1132 3726 1195 3784 eine
1226 3725 1293 3782 aliie

358 3801 510 3874 exemplir.
