3109 4934
580 527 664 599 SEV
688 526 817 600 LIBER
839 526 870 601 l.
1146 533 1193 604 aa
1292 601 1296 608 .

100 713 245 780 ranam·
311 671 461 760 XVHI.
481 673 589 761 Hinc
609 677 732 792 igitur
749 705 928 792 pergens
954 679 1094 794 paucis
1123 681 1194 764 ad·

67 786 244 906 22„¹,‘,¹„J¹“·¹¹'
260 797 428 882 modum
456 794 671 882 comitatus
692 826 856 881 omnem
881 798 1052 912 Libyam
1071 828 1191 913 pera·

192 1023 193 1026 p
259 939 381 1036 grat,
425 918 562 1028 itaque
607 920 660 1000 ad
698 919 946 1018 Hammona,
975 920 1048 1032 qui
1076 921 1191 1004 locus

258 1042 418 1122 deserto
449 1037 629 1152 Aegypti
659 1038 923 1137 celebratur,
964 1038 1054 1151 ipse
1096 1068 1193 1123 con·

128 1209 131 1216 ·
256 1156 398 1244 tendit.
420 1156 645 1245 Enimvero
664 1157 869 1242 exercitus
888 1158 1191 1244 multitudinem

257 1281 432 1362 navibus
462 1275 759 1390 superpositam
788 1278 969 1361 Pharum
1002 1279 1190 1364 destinat

255 1399 347 1510 Ipse
377 1427 481 1512 ergo
510 1399 741 1483 Hammona
772 1419 1010 1499 veneratus,
1039 1427 1189 1512 opera·

256 1519 390 1628 tisque
437 1517 687 1634 largioribus
738 1515 988 1618 sacrificiis,
1030 1517 1188 1633 praesi-

260 1637 376 1722 dium
407 1636 486 1723 sibi
516 1637 654 1752 operis
684 1657 727 1720 et
746 1657 989 1753 coeptorum
1007 1638 1133 1721 veluti
1164 1669 1189 1722 a

257 1759 350 1842 Deo
390 1777 508 1871 patre
550 1757 756 1871 deposcit:
799 1758 953 1873 quippe
995 1757 1084 1843 eius
1129 1755 1188 1840 fa·

255 1877 378 1962 balae
408 1899 554 1977 tenax,
601 1880 711 1992 quod
761 1875 930 1960 huiusce
972 1876 1056 1962 Dei
1092 1906 1188 1962 cum

257 2018 389 2080 matre
418 2025 495 2112 per
525 1998 730 2086 somnium
771 1997 898 2080 fuerit
945 1996 1187 2114 coniugatio.

259 2117 334 2200 His
382 2117 559 2227 denique
606 2117 744 2204 verbis
785 2119 925 2203 Deum
966 2118 1187 2204 convenit:

257 2267 283 2315 ‹<
317 2237 355 2320 Ο
385 2257 502 2350 pater
540 2238 786 2338 Hammon,
834 2235 1010 2348 inquit,
1052 2232 1189 2348 siquid

256 2357 492 2442 »materni
537 2356 701 2442 seminis
743 2376 806 2441 est
848 2385 1024 2458 verum,
1055 2385 1185 2470 eaque

255 2507 284 2554 n
314 2497 445 2560 mater
475 2499 697 2590 conceptus
727 2475 858 2562 nostri
886 2505 938 2561 ex
981 2499 1023 2561 te
1071 2477 1186 2591 prin·

252 2625 281 2676 a
315 2593 469 2707 cipium
500 2616 562 2681 est
592 2596 766 2698 sortita,
796 2609 949 2712 quaeso
985 2596 1048 2682 uti
1075 2597 1187 2682 istud

255 2745 283 2793 2>
314 2717 537 2831 astipulare
566 2737 603 2792 <o
633 2719 841 2830 praesenti
880 2715 986 2802 mihi
1020 2740 1067 2801 ut
1100 2712 1189 2801 lilio

255 2866 281 2914 >2
311 2857 493 2948 praestes
528 2865 568 2920 n.
601 2837 734 2952 Igitur
766 2840 909 2923 doctus
929 2837 1193 2926 evidentibus

255 2954 452 3056 monitis,
481 2985 567 3042 non
618 2961 777 3072 absque
806 2957 974 3041 Numen
1021 2958 1187 3041 illudo

258 3103 399 3158 curam
428 3105 517 3162 ease
549 3073 643 3177 sui,
673 3097 713 3161 et
743 3075 942 3193 templum
969 3083 1062 3164 Deo
1090 3105 1189 3187 ope·

256 3193 389 3278 rosius
410 3197 452 3278 et
473 3195 683 3310 augustius
702 3195 941 3294 fabricatur,
960 3218 1000 3280 et
1019 3197 1071 3280 ad
1090 3224 1188 3308 pro·

257 3313 436 3398 dendam
465 3315 662 3400 militibus
689 3315 1011 3417 confidentiam,
1051 3339 1188 3402 Pfflu

288 3570 322 3622 (a)
340 3567 377 3611 lta
394 3567 448 3614 eorl.
465 3565 593 3630 crepuisse·

293 3733 335 3798 (1)
355 3731 400 3785 lta
419 3731 563 3791 evidenter
584 3732 684 3788 oodex.
704 3732 767 3790 lloo
786 3749 881 3789 autem
912 3751 1063 3809 syntaxeos
1094 3755 1186 3808 genus

253 3807 441 3869 Eruditorum
459 3805 581 3888 ingeniis
602 3810 790 3868 iudicandum
809 3812 1010 3884 permittimur.
