3109 4934
568 557 825 628 nsxannn
1114 579 1156 626 at
1200 502 1212 572 ’-

236 699 413 816 dignitas
435 721 478 783 et
496 699 750 814 praeiudicia
769 702 979 798 fortunae;
999 723 1041 785 at
1060 731 1159 786 con·

233 843 298 905 tra
338 821 476 904 Persis
523 823 763 936 adrogantia
805 822 1026 907 ventilata:
1063 851 1159 906 curn

234 971 394 1024 summa
423 939 564 1024 utrubi
594 941 746 1040 fuerit,
777 941 907 1026 vitam
935 941 1020 1024 illic
1039 941 1161 1027 relin-

233 1061 440 1173 quendam
469 1061 580 1144 unde
605 1089 691 1144 non
710 1062 885 1145 victoria
905 1081 1159 1172 sequeretur.

289 1181 482 1269 XXXIII·
522 1179 726 1282 Quamvis
761 1181 993 1265 Alexander
1032 1181 1162 1263 Ham·

231 1299 367 1382 monis
398 1299 594 1398 numine,
638 1319 686 1382 ut
713 1321 887 1414 paterna
916 1301 982 1385 aui
1011 1327 1164 1412 procn-

230 1419 421 1517 retione‚
459 1419 503 1501 in
534 1448 651 1531 spem
681 1441 867 1504 uteretur
900 1420 1038 1504 militis
1070 1449 1162 1504 cre-

231 1537 339 1621 duli:
361 1529 570 1651 quoniam
600 1567 669 1622 res
688 1559 723 1614 ‹⁶›
744 1539 900 1624 securis
920 1539 1004 1625 Dei
1032 1539 1161 1622 altero

229 1678 344 1740 tanto
358 1656 505 1741 iustius
524 1658 707 1757 antistat,
721 1680 762 1742 et
774 1659 950 1743 eruditio
969 1657 1018 1744 fit
1037 1659 1163 1742 auda·

232 1777 321 1860 ciae
336 1774 585 1862 confidentia
603 1778 861 1890 praeiudicii,
886 1778 1108 1863 accedente
1129 1795 1163 1850 (ὃ)

237 1899 288 1982 ad
340 1897 602 1980 commodum
652 1898 717 1981 sui
758 1901 870 2010 quod
913 1899 1025 1983 hosti
1077 1895 1163 1982 illic

232 2017 285 2099 de
312 2016 395 2100 loci
422 2018 601 2130 legend
631 2019 953 2102 emolumentum
970 2015 1162 2131 peribat,

50 2181 156 2238 ο.,.·..
140 2180 216 2296 Διι...
233 2136 348 2220 cuius
391 2159 462 2218 no.
504 2136 617 2220 milia
659 2136 965 2222 bellatorum
953 2167 997 2220 m
1043 2157 1162 2250 parte

28 2265 63 2292 ’
157 2249 430 2402 '‘vigesima
462 2257 786 2339 numerabantur
797 2278 845 2338 <n
876 2285 1022 2341 verum
1060 2284 1162 2339 con·

234 2376 335 2486 ditio
356 2375 457 2459 sitire
488 2376 598 2460 vires
631 2397 891 2487 aequaverat,
910 2375 955 2460 in
973 2373 1163 2486 faucibus

233 2473 317 2577 loci
348 2497 490 2606 aequis
522 2492 726 2584 frontibus
757 2497 1111 2602 concurrentibus.

74 2665 157 2712 ιι..
158 2667 219 2713 ...ι
295 2613 488 2698 XXXIV.
531 2615 613 2700 Hic
659 2635 803 2728 agot)
829 2613 989 2702 fac'mm
1020 2616 1180 2720 auditu·

33 2745 192 2868 :¹¹29
115 2751 221 2798 ''¹²⁸⁸''
194 2732 408 2850 dignum
458 2763 543 2818 non
586 2737 920 2848 praetermittam
970 2738 1016 2819 in
1068 2737 1164 2818 loco

36 2882 124 2916 mur·
165 2819 405 2966 ponere.
455 2853 625 2967 Quippe
668 2854 947 2939 Alexandrum
995 2850 1165 2960 ferunt,

232 2973 307 3055 ubi
339 3002 500 3087 pernox
542 2974 674 3056 aciem
709 2993 826 3057 suam
866 2995 966 3058 voto
1010 3001 1166 3083 conpo-

233 3093 316 3174 suit
345 3093 597 3205 stipavitque
619 3093 805 3176 securior
834 3093 1042 3187 laterum3
1062 3091 1166 3174 adeo

266 3287 303 3341 (ι)
318 3283 379 3329 coa.
397 3299 440 3332 re..
455 3283 489 3338 (l)
507 3283 565 3328 cot
584 3295 684 3330 arcente.
699 3284 733 3344 (c)
750 3283 810 3330 eoa.
837 3297 899 3344 ergo.
974 3347 978 3354 ἱ

272 3433 314 3498 (ι)
333 3429 492 3484 Alexandri
512 3431 657 3485 exercitur
679 3430 797 3502 triginta
815 3429 940 3484 militnm
952 3428 1074 3485 millbor
1092 3447 1167 3486 eoo·

236 3506 357 3571 utebar,
385 3525 460 3578 quae
490 3521 553 3562 erat
583 3526 652 3578 pm
673 3509 810 3579 vigesima
829 3507 866 3562 ed
887 3508 1028 3563 rationem
1056 3508 1166 3578 petulci

234 3585 390 3638 exercitur.
418 3583 473 3640 sed
492 3603 581 3656 quum
601 3603 697 3658 pugna
715 3600 835 3657 angusto
855 3586 885 3638 in
905 3584 969 3640 loco
999 3601 1182 3641 coarctem

235 3671 307 3724 tur,
339 3661 455 3731 peribat
486 3681 537 3716 reu
556 3661 644 3717 fiebat
674 3663 789 3718 inutilia
818 3681 888 3732 par·
917 3663 1045 3718 maxima
1066 3663 1165 3733 eopia·

233 3755 299 3868 zum
317 3737 484 3810 hostilium,
504 3757 569 3794 enm
590 3739 698 3812 insigni
718 3737 868 3795 commode
885 3740 1045 3810 paucitati·
1065 3739 1168 3795 Mace·

258 3832 351 3872 onum.
