3109 4934
411 541 473 590 tna
663 515 919 590 ttuxmntt
942 517 1085 590 tctvs

407 663 570 752 Omissa
589 679 624 748 (n
645 663 823 778 deniqne
863 663 962 755 Asia
1002 665 1083 750 iter
1122 667 1235 778 quod
1273 667 1335 750 ina

406 787 592 870 stituerat
631 783 876 884 festinabat,
912 783 1010 870 satis
1049 785 1333 887 adserentibus

406 906 697 1006 internuntiis,
745 904 858 1018 quod
901 903 938 988 si
976 904 1129 990 Darius
1173 903 1335 1020 fugiens

405 1047 544 1142 portas
575 1025 742 1142 Caspias
784 1022 1042 1125 intravisset,
1083 1019 1334 1109 inefficacem

405 1143 519 1230 illam
537 1143 885 1231 inexsecutionem
916 1161 953 1218 ‹⁸›
972 1143 1205 1229 Alexander
1221 1144 1335 1227 labo-

323 1333 332 1350 .
406 1285 527 1348 raret.
561 1267 680 1368 Quae
710 1261 877 1376 quidem
906 1263 1028 1347 etiam
1056 1284 1174 1364 tum,
1209 1265 1332 1370 veluti

404 1411 552 1500 parum
570 1381 681 1468 fideli
705 1409 895 1468 sermone
915 1380 1134 1498 acciperet,
1159 1383 1281 1467 dubia
1295 1402 1330 1467 tet
1352 1442 1364 1458 .

403 1533 477 1589 rex
507 1501 792 1589 arbitrabatur.
822 1501 903 1587 Sed
924 1530 1019 1587 cum
1038 1504 1225 1587 Buzanus
1242 1503 1330 1615 qui·

406 1627 501 1710 dam
518 1627 730 1710 eunuchtn
742 1621 880 1738 regius
896 1619 1196 1738 transfirgisset,
1216 1621 1329 1735 isque

406 1744 555 1830 certius
590 1763 819 1828 enarrasset
845 1741 1021 1828 Darium
1052 1744 1243 1856 protinus
1269 1740 1330 1825 fu·

404 1863 895 2068 litttdl‘tt‘
913 1861 1330 2097 iffil‘ii

403 2103 520 2186 lienti
560 2113 750 2218 satrapse'
787 2102 903 2198 duo,
952 2129 1129 2213 querum
1179 2129 1328 2185 nomen

404 2221 519 2306 alteri
540 2225 665 2307 Besas
682 2239 786 2320 erat,
815 2219 918 2306 alius
936 2248 1038 2307 vero
1056 2219 1190 2305 dictus
1211 2220 1328 2304 Ario·

402 2343 612 2428 barzanes.
643 2341 726 2442 Hi,
761 2367 857 2424 cnm
892 2341 978 2425 iam
996 2340 1234 2426 rumoribus
1262 2369 1328 2425 ea·

403 2459 618 2545 lidioribns
638 2461 780 2546 adesse
799 2459 1030 2544 Alexander
1054 2459 1327 2557 annueretur,

403 2581 481 2664 rati
510 2610 554 2666 se
583 2579 807 2694 plurimum
836 2578 880 2663 in
893 2579 1066 2694 gratiam
1094 2579 1329 2692 provisuros

404 2729 493 2786 esse
535 2698 701 2786 victoris
744 2701 781 2784 si
816 2728 962 2785 necem
998 2698 1128 2786 Dario
1171 2697 1327 2782 intulis·

402 2841 519 2921 sent,
554 2847 694 2935 regem
723 2821 917 2904 suumin
946 2847 1022 2902 sua
1049 2818 1163 2934 regia
1191 2818 1327 2902 solita-

402 2941 512 3027 rium
543 2941 782 3055 opprimunt
809 2960 851 3023 et
879 2937 1051 3024 letaliter
1085 2941 1326 3036 vulnerant,

403 3088 451 3144 ac
481 3061 515 3146 si
544 3063 628 3146 ia'm
658 3080 865 3144 mortuum
894 3057 1204 3170 derelinquunt:
1234 3087 1328 3142 cau·

401 3177 604 3266 tissimum
621 3197 658 3258 tu
677 3177 969 3265 confirmantes
1002 3178 1039 3263 si
1071 3179 1272 3292 tantisper
1299 3205 1324 3262 a

403 3321 625 3414 conspeetu
658 3299 880 3385 Alexandri
917 3297 1214 3397 recessissent,
1253 3298 1328 3380 du-

239 3449 242 3456 *
401 3415 540 3500 uicum
564 3419 666 3504 illud
690 3417 847 3504 lacinus
867 3419 979 3532 quod
999 3436 1325 3532 perpetrarantw

403 3554 445 3618 et
472 3535 604 3619 victor
631 3541 930 3654 perpenderet,
960 3538 1253 3654 divulgaretur.
1328 3561 1332 3568 ·

435 3739 471 3790 (a)
487 3735 546 3782 cot·
564 3736 654 3784 uben
672 3737 705 3794 tl>
723 3737 759 3784 lta
775 3737 831 3784 eod.
849 3753 895 3798 pre
914 3739 1097 3798 marcam,
1114 3739 1154 3786 rel
1165 3725 1328 3788 mnndum.

402 3807 433 3860 (ι)
443 3804 503 3854 flod·
515 3801 587 3884 dull«.
597 3803 633 3862 (d)
642 3805 702 3852 esd.
720 3806 875 3854 curuum
892 3812 924 3870 (e)
940 3808 1000 3857 eod.
1013 3818 1159 3874 perpetraret.
