3109 4934
17 553 22 688 γ
594 519 673 590 sav
699 517 827 591 tum
850 519 879 590 1.
899 479 903 488 ’
1162 517 1204 589 15

274 688 395 782 raptu
415 665 572 750 scilicet
591 666 850 781 Olympiadis
872 667 1078 754 desiderio
1107 699 1206 754 con-

274 792 467 874 sult'urus.
552 804 575 869 ’,

80 948 199 1064 nii?
201 943 258 992 m
332 911 402 992 XI.
419 905 564 1021 Igitur
581 935 676 990 oum
691 904 1050 1019 populusadhuc
1037 937 1082 989 m
1096 909 1208 992 thea-

200 1027 339 1114 m''tro
369 1029 631 1126 turbaretur,
662 1026 885 1111 Pausanias
914 1054 1033 1127 vero,
1069 1049 1117 1112 ut
1147 1029 1209 1112 di·

273 1151 431 1247 ximus,
460 1167 628 1285 raptum
658 1147 890 1246 moliretur3
918 1142 1062 1268 forte
1085 1150 1209 1232 rebus

272 1301 325 1354 ex
354 1268 554 1354 sententia
582 1264 861 1382 perpetratis,
891 1211 1123 1352 Alexander
1141 1296 1210 1352 su·

272 1409 547 1508 pervenerat,
577 1384 830 1500 offenditque
855 1390 1023 1487 turbas,
1053 1409 1097 1472 et
1124 1388 1211 1473 vim

274 1533 315 1596 et
357 1512 530 1594 vulnera
576 1506 767 1625 Philippi.
822 1506 1012 1609 Quibus,
1052 1529 1100 1590 ut
1142 1537 1210 1596 res

274 1651 402 1728 erat,
453 1629 674 1744 cognitis,
721 1649 1017 1739 auctoremque
1067 1657 1211 1715 earum
1254 1663 1259 1673 ·

272 1756 413 1834 rerum
442 1750 687 1834 Pausaniam
716 1751 820 1832 haec
862 1747 1124 1860 designasse,
1152 1751 1210 1835 ir·

271 1899 396 1954 ruens
425 1869 583 1983 regiam
598 1869 641 1950 in
662 1869 756 1984 ipso
784 1873 909 1982 raptu
939 1868 1084 1952 matris
1103 1869 1210 1955 Pau·

271 1991 412 2075 suniae
442 1987 685 2074 violentiam
707 1988 1002 2104 deprehendit:
1034 2015 1211 2102 eumque

273 2139 369 2196 cnm
417 2110 557 2194 i'actilo
603 2109 878 2206 destinaret,
922 2129 1212 2222 tenereturque

273 2228 494 2316 formidine
524 2231 665 2314 matris
714 2229 1023 2328 vulnerandae,
1066 2227 1212 2344 Olym-

271 2349 363 2464 pias
394 2349 453 2435 sic
483 2351 750 2436 adhortamr:
799 2347 1009 2450 Ioculare,
1043 2349 1210 2462 inquit,

270 2469 362 2572 fili,
392 2473 575 2557 iaculare
605 2501 659 2554 ne
691 2469 883 2570 dubites,
923 2471 1059 2556 habeo
1098 2468 1211 2556 enim

268 2593 503 2708 praesidem
533 2589 809 2674 Hammonem
852 2612 893 2674 et
919 2598 1210 2706 protectorem.

148 2721 256 2838 ιώ·
330 2713 422 2796 XII.
453 2710 679 2796 Enimvero
731 2711 961 2798 Alexander
991 2711 1106 2796 nullo
1135 2713 1212 2796 im-

164 2825 170 2839 ’
273 2855 373 2949 peta
392 2831 516 2918 vinei.
538 2833 620 2916 Sed
652 2859 747 2915 cum
776 2831 936 2943 spirare
966 2834 1211 2916 etiamtunc
1252 2911 1255 2918 .

270 2963 445 3070 patrem
460 2951 699 3068 Philippum
719 2954 999 3066 conperisset,
1031 2950 1212 3035 eundem

271 3073 423 3159 advehi
441 3072 628 3158 illorsum
648 3071 782 3173 iubet,
802 3072 1070 3187 gladiumque
1088 3097 1212 3182 quem

270 3194 441 3308 gerebat
468 3191 560 3309 ipse
591 3191 803 3276 conlatum
833 3193 878 3275 in
907 3193 1120 3275 dexteram
1139 3217 1212 3305 pa·

270 3313 346 3396 tris
384 3313 521 3414 misit,
560 3340 643 3424 quo
689 3339 816 3395 manu
860 3310 949 3396 eius
998 3331 1212 3425 oppeteret

270 3432 522 3533 Pausanias,
550 3433 620 3518 eui
661 3460 842 3548 poenam
884 3461 1090 3547 quamque
1131 3459 1210 3544 pro

271 3550 381 3636 facto
395 3573 396 3576 ‘
412 3552 621 3638 debuerat.
652 3555 763 3668 Ergo
792 3555 877 3638 iam
904 3552 1083 3638 moriem
1114 3552 1211 3636 Phi-.-

272 3672 407 3788 lippus
448 3673 622 3758 «Nihil
651 3701 764 3758 nuuc
793 3704 894 3759 sane
924 3696 1010 3774 est,
1038 3673 1206 3785 inquit,
1301 3715 1306 3726 .

271 3825 299 3874 >a
331 3796 443 3905 quod
471 3825 538 3880 me
566 3793 675 3878 vitae
705 3791 802 3888 finis
823 3817 897 3880 aut
921 3791 1209 3882 huiuscemodi
