3109 4934
538 515 616 589 sav
641 517 768 588 LIBER
792 519 857 590 lll.
1089 545 1158 619 ²07

231 699 260 750 >s
289 663 483 752 fiduciam
517 670 698 780 probas,
744 665 992 778 obsequium
1038 669 1162 758 etiam

232 819 261 870 u
291 817 377 872 non
407 791 703 901 aspernabere:
733 785 940 899 siquidem
968 809 1010 874 te
1038 820 1162 874 coro·

232 939 260 990 s>
291 935 435 990 namus
466 935 620 990 corona
639 935 765 990 aurea
791 933 952 1007 annua,
983 910 1164 1021 quaesit

232 1027 484 1141 »ponderis
525 1047 679 1138 quanto
723 1047 768 1116 tu
806 1026 984 1112 iusseris.
1030 1032 1163 1143 Super

231 1178 261 1228 »
293 1147 358 1232 his
378 1147 491 1257 quod
506 1147 683 1237 mavelia
695 1143 892 1230 scribito:
924 1177 1000 1232 nos
1029 1147 1160 1248 enim,

233 1297 260 1366 p
293 1265 329 1350 si
359 1295 478 1350 secus
507 1265 686 1365 sederit,
726 1287 892 1377 praeter
925 1295 1089 1356 amnem
1117 1268 1162 1352 in
1301 1270 1305 1281 “

234 1415 263 1468 >a
294 1385 384 1469 acie
415 1385 760 1504 deprehendes».

75 1543 216 1592 sienne
292 1505 477 1593 LXXIV.
526 1505 755 1590 Hisce-rex
791 1503 908 1589 lectis
942 1507 1163 1592 delectatus

24 1614 227 1730 :22:322
236 1625 480 1724 admodum,
511 1623 570 1708 sic
600 1624 826 1737 respondit¹
857 1655 885 1706 «
915 1625 999 1729 Qui
1027 1649 1162 1715 terrac

234 1777 262 1828 ›>
295 1744 495 1829 ambitum
514 1743 747 1860 diligentius
768 1743 901 1828 mensi
922 1765 1034 1845 sunt,
1056 1744 1164 1831 eius·

234 1895 262 1946 »
293 1863 405 1948 modi
425 1863 749 1978 magnitudinem
765 1862 951 1949 universi
966 1855 1165 1949 t'rilariam

235 2017 262 2066 >›
294 1983 522 2068 diviserunt
568 2012 717 2095 easque
759 2003 898 2096 partes
928 1983 1069 2068 Asiam
1098 1985 1167 2071 vel

234 2135 262 2184 >›
294 2105 501 2217 Europam
531 2101 748 2188 ueletiam
784 2103 957 2221 Libyam
981 2105 1167 2190 nomina·

236 2254 264 2304 u
296 2251 402 2318 vere.
446 2226 494 2306 In
538 2222 650 2307 bisce
692 2221 818 2338 igitur
852 2223 1038 2337 partibus
1072 2226 1166 2308 uni-

238 2372 267 2424 u
297 2343 426 2428 versis
446 2345 643 2457 trophaea
664 2371 831 2458 qunque
850 2367 992 2428 nostra
1026 2346 1166 2430 eonsi-

235 2491 264 2543 »
296 2484 429 2548 stunt:
458 2485 499 2548 et
527 2483 590 2549 est
617 2463 856 2577 pudendum
886 2464 922 2548 si
950 2465 996 2547 in
1014 2465 1165 2577 quibus

234 2613 263 2662 »
295 2585 406 2666 nulla
449 2583 632 2668 omnium
679 2581 881 2668 obstiterit
923 2579 1165 2686 difficultas,

233 2731 261 2782 »
296 2730 320 2784 a
350 2701 586 2816 cognitione
615 2702 743 2788 vestri
771 2703 900 2793 veluti
929 2706 1006 2788 sub
1030 2727 1166 2790 metus

234 2852 263 2904 u
294 2821 463 2908 infamia
493 2821 748 2908 declinemus
768 2843 815 2906 w.
846 2824 985 2927 Quare
1004 2845 1166 2911 vestrae

234 2973 262 3024 >s
295 2942 348 3028 sit
391 2941 620 3043 facultatis,
662 2941 800 3055 siquid
844 2944 896 3027 de
926 2946 1037 3028 bello
1067 2975 1166 3029 con-

233 3093 261 3146 »
295 3064 465 3148 sultetis.
513 3064 734 3174 Ceteroqui
768 3062 1009 3178 obsequium
1042 3084 1166 3176 atque

234 3213 263 3266 >s
296 3183 518 3267 amicitiam
543 3181 808 3294 diligentibus
832 3181 1073 3269 vicissitudo
1089 3213 1166 3268 no-

234 3335 262 3386 »
295 3303 368 3386 stri
398 3331 482 3385 uon
515 3300 755 3416 displicebit„
785 3305 933 3417 Neque
957 3335 1057 3389 vero
1098 3334 1166 3389 re·

210 3453 262 3538 ,³'
297 3421 531 3506 sistentibus
556 3421 726 3505 exitium
745 3422 878 3538 gentis
915 3445 955 3510 ct
988 3422 1167 3541 patriae,

235 3568 431 3652 »neque
474 3542 714 3628 cedentibus
756 3543 889 3628 amice
930 3546 1165 3631 humanitas

235 3693 265 3746 2>
298 3657 504 3750 differens
522 3679 568 3747 θ).

271 3899 306 3953 (ι)
322 3892 532 3943 cessatam.
550 3894 586 3962 (ι)
603 3895 643 3940 tu
658 3895 780 3944 ωὼιοι
793 3897 882 3947 assu
899 3891 1042 3957 aaronem,
