3109 4934
382 537 446 610 156
622 537 879 610 tttxthltl
904 535 1061 610 OBITVS

374 719 405 768 ο)
436 683 706 772 mimaterium
736 715 878 770 meum
905 709 1008 800 putu
1032 683 1237 800 quidquid
1256 687 1309 790 de

376 837 405 888 u
439 809 519 892 hoc
549 806 692 892 labore
722 803 946 922 perfecero.

372 953 381 968 ·
438 925 569 1010 XXII.
590 958 617 1007 u
632 929 826 1040 Denique
838 925 1044 1012 facessant
1055 925 1132 1012 ieta
1151 925 1204 1009 de
1222 953 1311 1007 me·

374 1075 405 1130 >t
437 1047 525 1144 di0;
548 1073 653 1158 quae
672 1047 753 1131 iam
775 1066 899 1131 erunt
917 1046 1025 1130 iuter
1041 1045 1231 1130 homines
1245 1044 1310 1128 di·

376 1195 405 1248 »
437 1163 1034 1280 acriminafortunarumiquae
1049 1167 1192 1277 dispar
1202 1163 1310 1246 ratio

375 1311 405 1366 u
437 1284 623 1399 gloriae?
649 1271 758 1399 'qnae
790 1285 1004 1372 diversitas
1034 1283 1312 1398 dignitatum?

374 1431 404 1486 >i
437 1401 529 1516 quis
548 1403 636 1489 voti
651 1403 1006 1490 modustnesinet
1019 1401 1209 1520 protinus
1228 1401 1312 1485 coli

375 1551 403 1610 >t
437 1542 561 1624 terra,
572 1521 791 1608 transmitti
802 1551 931 1626 mare,
943 1521 1210 1610 desiderarit>
1219 1549 1312 1606 auo-

378 1671 406 1722 »
439 1645 590 1742 cessio,
610 1637 705 1726 cum
724 1641 795 1725 illa
812 1643 1046 1758 promptior
1064 1643 1120 1728 ait
1136 1663 1311 1726 naturae

380 1789 410 1842 >t
440 1761 619 1848 hominia
639 1761 858 1846 admiratio
881 1791 968 1848 non
994 1761 1131 1850 videri
1142 1781 1178 1837 (ὃ)
1204 1787 1311 1874 quae

381 1909 409 1958 >›
439 1900 716 1979 metuaa,cum
728 1880 1227 1970 meminissenondeeinas
1241 1880 1315 1963 de-

379 2027 407 2080 »
441 1997 720 2086 sideratorum.
752 2003 917 2086 Etenim
931 2003 1076 2116 quanti
1088 2003 1315 2114 qualesque

379 2147 409 2196 u
441 2147 629 2204 meorum
641 2121 763 2204 etiam
776 2121 945 2235 proeliis
957 2121 1170 2209 cecidere?
1182 2147 1316 2236 qnan-

282 2253 296 2281 ⁸
380 2267 409 2316 >›
442 2236 585 2324 tivero
605 2239 742 2354 adepti
759 2241 1013 2326 desiderata?
1031 2243 1129 2326 Non
1148 2270 1203 2324 ex
1226 2238 1320 2321 illo·'

382 2387 410 2438 »
443 2385 536 2441 rum
560 2359 825 2444 incommodo
854 2361 1136 2449 conditionem
1165 2387 1315 2455 auam,

383 2507 410 2558 u
444 2475 518 2560 aed
532 2479 687 2592 exipso
702 2503 909 2590 proventu
920 2479 1220 2566 beatitudinem
1229 2505 1319 2564 me·

382 2627 410 2676 u
443 2593 600 2680 tiuntur
613 2620 657 2680 te).
686 2601 801 2684 Haec
833 2599 1012 2714 denique
1034 2629 1122 2685 una
1148 2594 1319 2683 vivendi

383 2745 411 2794 u
443 2716 510 2800 lex
519 2735 593 2816 eet,
607 2717 710 2802 velle
721 2746 1055 2834 unumquemque
1067 2715 1180 2831 qttod
1190 2744 1319 2831 penes

383 2865 410 2912 a
450 2835 621 2920 alterum
641 2836 797 2937 videat,
817 2859 862 2920 ut
876 2840 1030 2922 habeat
1045 2840 1134 2952 ipse
1150 2863 1321 2950 quoque

383 2983 410 3036 >i
444 2958 557 3067 quod
577 2983 672 3040 mox
696 2957 943 3042 transmittat
962 2970 1000 3036 (δ)
1018 2958 1073 3040 ad
1096 2977 1255 3040 eeteros
1274 2987 1317 3036 u.

284 3095 329 3131 ¹¹¹
447 3076 597 3158 XXIII.
617 3081 690 3160 lm
705 3079 847 3162 tutibus
859 3092 893 3158 to)
912 3107 1001 3160 cum
1016 3108 1095 3162 sese
1114 3101 1210 3159 tunc
1225 3075 1322 3158 Ate-

386 3197 536 3278 xunder
555 3197 836 3297 obiectumst,
863 3199 969 3284 exim
983 3201 1055 3280 iter
1073 3225 1232 3308 proruis
1252 3221 1324 3277 eut-

388 3317 557 3422 sequitur
589 3315 757 3398 arduae
775 3319 933 3426 quedem
951 3316 1054 3399 itud
1081 3337 1119 3397 et
1147 3313 1320 3400 laborio-

389 3433 584 3514 sistimwn
613 3436 723 3516 ὶηνὶἱε
752 3439 849 3518 locis
866 3438 1076 3546 asperitate
1092 3457 1262 3516 natutae
1281 3448 1320 3514 et

387 3551 598 3632 coieutituu
646 3555 836 3636 vastitate.
883 3557 1024 3662 Deque
1065 3553 1204 3638 labore
1243 3552 1324 3634 hoc

422 3773 458 3824 (a)
473 3765 532 3812 ceu.
543 3767 674 3816 desidente.
684 3766 717 3822 (I)
726 3769 762 3814 Ita
779 3769 832 3815 eet.
852 3769 931 3816 videri.
940 3771 1041 3828 (00011.
1058 3771 1202 3819 mutim.
1212 3766 1250 3832 (ἢ
1258 3767 1321 3814 Μ.

390 3833 540 3884 annatim.
557 3841 588 3896 (ο)
605 3837 641 3883 Ita
666 3837 722 3884 eod.
748 3837 797 3886 uiti
813 3841 889 3886 navt·
904 3837 940 3886 Ait
956 3849 980 3888 et
994 3837 1063 3898 tiit„
