3109 4934
486 563 1136 664 suvutnuu1.49
1228 511 1242 559 ³

203 736 233 795 ι)
263 737 460 796 manuum
475 707 709 798 violentiam
728 712 1034 826 pulchritudine
1060 745 1135 828 pa·

204 865 234 915 >a
265 831 365 914 riter
394 860 442 914 ac
487 827 677 916 firmitate
719 853 967 946 congestos:
1016 864 1135 948 prae·

203 984 241 1035 ι).
264 950 403 1036 sertim
452 949 634 1062 undique
684 949 923 1036 fluminibus
969 956 1137 1038 conval-

163 1077 166 1084 ’
202 1105 231 1154 »
262 1069 474 1170 lantibus,
503 1091 550 1153 at
579 1099 797 1158 murorum
828 1101 993 1209 quoque
1026 1073 1139 1186 ipso-

203 1225 230 1272 »
263 1221 354 1274 rum
384 1192 488 1274 haec
518 1189 570 1275 ιιι
598 1188 744 1274 firma
740 1191 952 1277 munitio:
1002 1192 1136 1280 aditus

203 1342 232 1392 ι)
262 1339 387 1424 porro
412 1331 556 1392 tenues
581 1308 852 1424 angustique,
881 1311 1034 1425 quique
1063 1343 1136 1431 ag·

202 1463 231 1512 »
261 1429 440 1514 minibus
455 1427 697 1513 militaribus
717 1429 971 1516 inviabiles·
945 1455 981 1506 ι’)
981 1447 1135 1546 ,atque

202 1551 370 1632 »exim
413 1577 592 1634 occursu
633 1544 850 1686 perfaciles
887 1553 1139 1640 habeantur..
1260 1632 1264 1639 .

203 1701 230 1754 ›>
266 1667 394 1753 Cuius
444 1667 611 1780 quidem
664 1668 726 1751 rei
769 1669 858 1783 ipae
904 1671 1135 1784 periculum

202 1801 232 1870 >a
262 1788 414 1874 certine
443 1787 644 1888 fecerim,
679 1789 867 1901 quamvis
895 1792 979 1874 huc
1007 1821 1134 1876 maun

203 1940 237 1990 »-
261 1936 389 2022 parva
419 1936 503 1992 non
533 1929 782 2023 congregato
812 1909 992 1994 exercitu
1020 1941 1134 1996 com·

204 2058 232 2111 ι)
262 2057 454 2113 mearem.
484 2025 706 2112 Enimvero
744 2029 848 2113 haec
877 2029 1037 2116 catilla
1065 2061 1140 2116 aec

205 2178 233 2227 ι)
264 2147 396 2260 quites
426 2178 474 2232 ac
517 2145 801 2260 providentia,
849 2169 897 2233 ut
935 2178 1019 2235 vos·
1050 2150 1133 2263 qui

204 2297 232 2346 ›>
264 2297 314 2350 ex
344 2271 529 2352 ubertate
549 2286 683 2352 terrae
709 2267 982 2383 praeclnatis,
1011 2263 1144 2383 atque¹
1234 2336 1237 2340 ι

203 2417 232 2470 ι)
262 2386 328 2470 his
358 2386 591 2472 fluminibus
624 2387 887 2472 obvallemini
906 2409 960 2490 tn,
991 2419 1135 2476 eorum

202 2535 230 2586 >r
263 2505 499 2594 violentiam
528 2507 708 2593 sentiatis
740 2508 813 2620 qui
839 2509 918 2593 ista
941 2537 1027 2592 non
1055 2512 1132 2594 ha·

204 2658 232 2708 »
263 2629 395 2710 beant.
427 2626 590 2763 Quippe
639 2630 693 2712 ad
733 2629 841 2713 hanc
883 2627 1133 2744 opulentiam

201 2776 240 2826 ι)
261 2775 402 2832 rerum
450 2746 487 2831 si
534 2745 598 2832 vis
641 2776 808 2862 quoque
861 2766 903 2830 et
956 2747 1134 2834 militare

202 2896 230 2945 ι)
260 2867 377 2951 vobis
428 2865 666 2952 exercitium
727 2865 975 2979 adimeret,
1023 2869 1135 2954 nulla

202 3017 231 3065 ι)
260 2983 444 3099 profecto
493 3015 594 3102 gens
644 2986 777 3087 foret,
820 3015 926 3100 quae
976 2988 1134 3074 duabus

201 3135 229 3188 >r
263 3106 375 3190 hisce
405 3102 595 3192 fortunae
625 3106 783 3192 viribus
828 3104 1022 3192 obviaret
1063 3110 1135 3192 Ειι

203 3257 232 3307 >r
263 3225 389 3340 igitur
418 3245 564 3309 natura
583 3225 857 3340 descriptum,
874 3246 919 3308 ut
947 3229 1037 3338 quis
1056 3227 1135 3313 ista

201 3376 230 3427 >r
263 3374 404 3430 rerum
434 3343 654 3456 opulentio
670 3345 723 3430 sit
751 3348 932 3447 donata,
961 3346 1071 3431 idem
1098 3367 1132 3424 ιι)

204 3484 430 3548 »careant
474 3463 630 3548 bellicis
672 3463 850 3559 viribus:
909 3486 955 3550 ιιι
995 3465 1132 3580 siquid

203 3616 231 3666 ι)
261 3583 349 3684 illi,
379 3582 451 3696 qui
478 3583 601 3668 armis
621 3604 661 3668 et
680 3584 869 3672 manibus
887 3585 1129 3703 indulgent,

237 3781 271 3832 ‹a›
288 3778 346 3823 cau
364 3777 482 3826 avecta.
509 3779 544 3842 (ι)
563 3780 599 3824 ιιι
616 3781 670 3826 eoa.
687 3795 733 3840 pn
750 3780 826 3828 aa„
