3109 4934
378 499 422 590 7⁸
621 493 880 568 surranum
903 495 1045 570 onrvs

376 676 420 730 se
448 673 579 762 posse·
609 641 832 744 fateretur,
875 643 1108 732 Alexander
1149 671 1311 754 motus,

375 765 421 848 ni
439 765 591 852 faceret
610 763 900 850 interminatur
917 769 1125 882 tripodam
1140 801 1309 886 quoqne

376 913 420 972 se
451 887 505 970 ad
527 885 718 970 Herculis
747 885 931 970 fabulam
960 888 1229 974 sublamrum.
1259 894 1312 979 Et

377 1037 474 1092 cum
522 1007 634 1090 dicto
684 1002 819 1090 aufert
863 1006 1020 1094 scilicet
1070 1010 1311 1125 tripodam,

375 1157 499 1239 quem
536 1130 714 1212 Croesus'
752 1129 922 1239 quidem
952 1129 1310 1243 opulentissimum

375 1266 634 1332 consecrarat
646 1269 701 1331 w:
733 1249 808 1330 sed
832 1277 909 1360 per
934 1279 1030 1334 eum
1055 1252 1199 1336 divino
1226 1251 1312 1368 spi·

374 1369 457 1452 ritu
510 1386 766 1452 commeante
815 1365 1029 1454 vaticinari
1090 1370 1312 1456 antistitem

374 1487 435 1574 fas
479 1506 576 1571 erat
608 1487 714 1572 Tum
749 1484 880 1572 fertur
909 1519 961 1573 ex
991 1491 1115 1605 adyto
1144 1520 1229 1576 vox
1257 1492 1311 1575 ad

376 1609 669 1718 Alexandrum:

375 1751 415 1820 1d
439 1749 586 1845 quidem
605 1747 704 1842 quod
726 1765 765 1818 tn
780 1747 888 1835 facis,

376 1844 549 1913 Herculeo
567 1842 654 1912 feeit
682 1861 720 1912 et
749 1843 813 1912 ille
839 1845 935 1914 Deus

374 1937 417 2006 Et
440 1937 620 2006 divinitati
645 1937 717 2004 iarn
741 1935 955 2008 destinatus.

378 2031 498 2120 Quare
525 2048 561 2098 et
586 2046 621 2098 te
643 2052 709 2122 par
739 2029 912 2100 estnihil

376 2123 418 2192 ln
445 2127 560 2192 nostri
583 2123 839 2192 contumeliam
866 2124 960 2208 niti;

374 2217 409 2286 Si
435 2216 542 2286 modo
567 2217 764 2288 virtutibus
791 2219 864 2285 tois

373 2311 426 2380 Ex
454 2311 578 2380 favore
603 2311 798 2380 Nominum
828 2311 1005 2382 consulit.

376 2431 502 2517 Hisce
531 2431 649 2520 dictis
680 2461 731 2516 ex
764 2414 921 2547 adyto,
946 2415 1063 2518 'addit
1083 2458 1127 2518 et
1156 2458 1289 2524 vates:

370 2580 424 2650 En
448 2575 576 2660 video,
601 2598 694 2658 rex,
720 2575 819 2670 quod
841 2575 904 2644 illa
928 2575 998 2645 tibi

372 2672 538 2744 Numinis
562 2671 773 2766 praestigiae
790 2669 970 2740 divinatio
983 2713 1006 2753 ,-

373 2769 474 2857 Quae
499 2784 537 2834 et
561 2765 753 2834 Herculem
777 2780 815 2832 et
842 2765 1092 2835 Alexandrum
1115 2779 1282 2836 vocato).

373 2864 487 2958 igitur
510 2859 726 2954 praenuntio
750 2855 821 2926 tibi
845 2857 924 2926 fore
950 2878 1051 2929 actus
1076 2879 1162 2930 tuos

373 2957 618 3025 Humanornm
643 2952 804 3020 omnium
833 2950 1034 3037 fortiores,

374 3049 586 3142 Nomenque
611 3068 677 3140 per
701 3044 844 3114 saecula
869 3045 1141 3144 porrigendum.

435 3169 581 3254 LXIV.
613 3168 722 3252 Hinc
739 3156 849 3252 cum
877 3167 1041 3254 Thebas
1070 3169 1309 3256 Alexander

189 3250 359 3366 dlil'l'l
374 3288 712 3388 transcendisset,
743 3308 982 3402 peteretque
1001 3291 1222 3378 Thebanos
1240 3289 1307 3374 in-

188 3398 261 3435 ”''²“
376 3411 515 3495 didem
564 3429 817 3494 armatorum
869 3410 981 3494 mille
1027 3412 1307 3513 comitatum,

410 3613 452 3678 (r)
471 3607 628 3678 Tripodem
648 3629 770 3666 aureum
791 3629 807 3665 a
829 3609 937 3666 Croeso
956 3611 1034 3681 (sed
1051 3610 1160 3666 'ruebit
1173 3609 1305 3684 Apollini

372 3685 518 3754 limenio)
539 3703 739 3742 consecratum
759 3703 900 3742 memorat
919 3687 1083 3744 Herodotus
1103 3687 1128 3744 1.
1148 3705 1196 3768 9²·

411 3762 602 3834 (2)Nimirum
617 3765 654 3819 ab
668 3763 801 3835 Apolline
811 3765 974 3824 Alexander
988 3767 1086 3824 dietat
1099 3781 1146 3823 eet
1158 3763 1304 3827 Hercoles.

371 3841 475 3898 Confer
494 3841 647 3898 historiam
666 3842 774 3900 editam
794 3861 857 3915 cap.
878 3859 948 3907 xxa.
1227 3859 1230 3864 ·
